1700 3084
294 186 425 249 AD
450 180 649 244 AT'T
660 186 789 243 ICU
802 184 867 241 M
893 186 1016 242 Lu.
1045 186 1208 241 xm.
1250 180 1364 252 669

105 310 220 370 τι,
238 290 285 352 [ἰ
312 309 524 363 emero,
539 286 673 368 quid
683 286 809 362 erit,
825 286 978 367 quod
996 286 1257 367 postulet?
1276 288 1366 351 sed

122 379 399 449 videbis,
422 396 493 435 ne
516 378 565 434 is
589 394 715 433 cum
737 372 801 433 fit
824 376 885 433 in
911 371 1123 449 Africa,
1135 390 1200 434 ut
1227 382 1367 435 Cae·

124 469 287 529 lius.
337 462 409 523 de
440 464 672 521 nomine
696 476 755 519 tu
777 461 992 521 videbis
1016 482 1138 521 cum
1157 460 1367 545 Cispio}

132 553 269 627 sed,
306 548 345 609 fi
388 548 621 609 Plancus
640 546 898 624 destinat,
927 560 1046 606 tum
1076 550 1238 607 habet
1283 570 1370 611 ree

134 636 562 702 difficultatem.
611 650 665 694 te
697 636 766 694 ad
794 655 884 693 me
919 636 1110 695 venire
1141 651 1370 716 uterque

142 723 419 789 nostrum
448 725 621 802 cupit:
668 720 757 780 sed
788 719 882 779 ista
899 740 986 779 res
1015 720 1174 780 nullo
1195 720 1372 783 modo

134 809 533 889 relinquenda
560 806 655 868 est.
704 810 986 867 Othonem
1015 800 1172 887 qdod
1194 806 1372 891 sperae

146 894 319 982 poffe
341 896 514 971 vinci,
533 894 659 953 sane
686 895 827 953 bene
857 914 1072 954 narras,
1119 894 1189 954 de
1219 894 1372 957 aesti-

144 984 448 1057 matione,
492 998 554 1043 ut
591 980 805 1054 scribis,
838 1000 964 1040 cum
989 1000 1145 1058 agere
1176 1002 1374 1064 eoepe-

148 1076 377 1133 ‘rimusz
399 1067 493 1127 etfi
518 1067 659 1126 nihil
675 1065 902 1148 scripfit‚
921 1065 1019 1125 nifi
1043 1067 1110 1127 de
1125 1069 1294 1129 modo
1315 1092 1376 1131 a·

162 1160 286 1239 gri.
334 1176 463 1217 cum
480 1153 699 1229 Pisone,
719 1153 759 1215 fi
774 1152 910 1234 quid
926 1156 1158 1235 poteris·
1177 1156 1377 1215 Dicae.

165 1244 332 1306 archi
346 1241 547 1301 librum
556 1242 761 1319 accepi:
793 1256 850 1301 et
865 1251 1162 1306 nav-aedem
1178 1260 1381 1322 expet·-

156 1349 266 1393 το.
314 1330 601 1407 negotium
623 1328 862 1399 dederis;
881 1327 1112 1408 reperiet
1139 1346 1212 1385 ex
1226 1348 1295 1387 eo
1310 1328 1380 1388 li-

164 1422 309 1490 bro,
334 1417 394 1474 in
427 1435 540 1494 quo
570 1414 699 1474 sunt
742 1411 1235 1474 senatus-consulta
1265 1418 1376 1479 Cn.

176 1502 480 1577 Cornelio,
506 1510 574 1562 L.
606 1503 881 1562 Mummio
903 1498 1052 1561 Coss'.
1099 1498 1169 1561 de
1197 1502 1382 1563 Tudi-

162 1604 321 1651 'tano
338 1605 541 1663 autem,
557 1589 708 1668 quod
734 1603 918 1669 putas,
943 1597 1126 1661 εὔλογον
1149 1586 1246 1662 est,
1263 1605 1382 1651 tum

164 1679 361 1752 illum,
378 1676 642 1755 quoniam
660 1675 763 1734 fuit
779 1675 847 1734 ad
873 1673 1384 1751 Corinthum,(non

170 1768 335 1824 enim
348 1779 554 1823 temere
564 1762 705 1821 dixit
714 1762 1168 1839 Hortenfius)aut
1181 1770 1270 1838 Qu
1277 1762 1385 1824 aefi-

173 1868 393 1926 torem‚
432 1864 525 1907 aut
558 1850 879 1908 Tribunum
915 1848 1184 1909 militum:
1223 1849 1387 1929 idque

177 1938 377 2019 'potius
396 1934 548 1994 fuisse
571 1935 757 2020 credo.
805 1951 870 1994 tu
889 1935 958 1994 de
971 1936 1260 1995 Antiocho
1288 1934 1388 1995 sci·

176 2038 249 2085 're
264 2024 498 2103 poteris,
544 2022 671 2081 vide
690 2024 856 2081 etiam
879 2041 996 2100 quo
1009 2041 1163 2079 anno
1181 2018 1390 2097 Quaes-

184 2125 308 2183 tor,
324 2124 418 2169 aut
440 2109 734 2168 Tribunus
750 2108 982 2168 militum
999 2107 1183 2173 fuerit.
1204 2106 1391 2171 finen-

178 2209 337 2256 ‘truin
358 2194 610 2275 quadret,
634 2198 693 2253 in
709 2195 1016 2277 praefectis,
1027 2216 1097 2255 an
1115 2197 1174 2255 in
1191 2212 1392 2259 contu-

183 2282 505 2343 bernalibus
528 2281 714 2358 fuerit,
728 2281 902 2342 modo
913 2280 1077 2341 fuerit
1092 2284 1152 2343 in
1184 2304 1251 2343 eo
1275 2286 1394 2345 bel-

182 2369 277 2430 Io.
292 2369 361 2429 de
377 2366 635 2428 Varrone
648 2369 1028 2447 loquebamur3
1051 2369 1216 2450 lupus
1237 2373 1295 2429 in
1311 2370 1396 2431 fa»

189 2456 345 2516 bula.
392 2457 551 2515 venit
572 2457 721 2515 enim
759 2455 825 2514 ad
852 2475 962 2529 me,
989 2472 1046 2513 et
1078 2456 1299 2533 quidem
1333 2454 1396 2515 id

192 2544 485 2625 temporis,
508 2556 571 2601 ut
584 2539 912 2601 retinendus
928 2538 1076 2601 effet.
1123 2538 1214 2599 sed
1225 2560 1332 2618 ego
1345 2540 1396 2598 i-
