1700 3084
367 196 485 257 622
538 232 542 237 -
610 150 1306 256 EmsToLARuM

364 294 620 360 aberrare
649 292 904 375 poffum.
931 308 993 353 tu
1009 295 1166 367 mihi,
1199 296 1364 353 etiam
1380 290 1418 352 fi
1437 290 1582 353 nihil

371 385 502 459 erit,
518 380 671 461 quod
684 380 910 455 scriba8‚
935 378 1107 459 (quod
1137 380 1262 439 fore
1294 382 1375 439 ita
1388 380 1583 455 video)

372 482 570 529 tamen
575 465 808 549 idipsum
823 465 1025 529 scribas
1040 467 1231 542 velim,
1257 482 1312 525 te
1327 466 1474 525 nihil
1487 468 1581 525 ha-

372 552 565 629 buiffe,
587 552 741 633 quod
758 553 1038 630 scriberes,
1065 551 1196 612 dum
1221 552 1396 612 modo
1413 574 1486 611 ne
1499 552 1583 610 his

372 644 581 703 verbis·
638 640 708 699 de
738 642 950 715 Attica,
995 641 1229 720 optime.
1285 648 1456 701 ἀηδία
1495 654 1584 697 tua

372 750 464 791 me
478 742 697 787 movet:
718 724 811 786 etfi
828 724 1016 785 scribis
1035 726 1176 785 nihil
1189 723 1311 785 effe.
1360 727 1422 785 in
1441 722 1584 785 Tus·

364 815 580 875 'culano
608 834 678 873 eo
708 812 1060 873 commodius
1082 832 1204 889 ero,
1227 812 1387 890 quod
1403 828 1458 870 et
1474 832 1584 871 cre-

374 902 528 961 brius
558 914 679 958 tuas
710 900 896 958 literas
917 899 1207 979 accipiam,
1247 913 1306 957 et
1329 914 1388 957 te
1411 896 1583 979 ipsum

372 999 787 1067 nonnunquam
816 984 1042 1063 videbo.
1097 996 1228 1045 narn
1261 985 1582 1064 'caeteroqui

322 1096 327 1099 ·
377 1080 643 1148 ἆνεκτότερα
667 1087 825 1131 erant
849 1068 1102 1147 'Asturaet
1134 1093 1239 1131 nec
1261 1075 1420 1146 haec,
1445 1090 1583 1151 quae

375 1158 663 1234 refricant,
692 1161 783 1219 hic
805 1179 894 1218 me
913 1160 1092 1237 magis
1113 1174 1352 1237 angunt:
1383 1156 1482 1218 etfi
1505 1172 1586 1221 ta·-¹

374 1266 531 1321 men,
553 1247 872 1323 ubicunque
895 1244 1034 1320 sum,
1072 1244 1165 1304 illa
1193 1242 1323 1305 sunt
1348 1265 1578 1305 mecum.

376 1330 447 1393 de
464 1328 687 1391 Caesare
710 1333 902 1393 vicino
921 1330 1232 1411 scripseram
1255 1332 1324 1391 ad
1348 1347 1430 1409 te,
1457 1334 1580 1413 quia

377 1437 681 1497 cognoram
710 1438 783 1477 ex
824 1420 936 1477 tuis
965 1419 1162 1478 literis.
1231 1440 1358 1478 eum
1403 1431 1582 1478 σύννοιαν

380 1506 611 1579 Quirini
628 1504 777 1563 malo
780 1524 970 1583 ,quam
983 1506 1206 1565 Salutis.
1235 1520 1298 1565 tu
1311 1526 1452 1565 vero
1461 1526 1576 1585 per·

378 1591 545 1668 vulga
558 1592 826 1653 Hirtium.
874 1590 928 1651 id
949 1593 1097 1651 enim
1121 1588 1296 1672 ipsum
1313 1606 1575 1669 putaram,

381 1676 536 1757 quod
559 1674 781 1749 scribis;
828 1693 914 1754 ut,
949 1698 1074 1739 cum
1107 1679 1396 1755 ingenium
1427 1679 1573 1737 amici

380 1761 551 1823 nostri
588 1764 933 1842 probaretur,
973 1771 1192 1831 ὑπόθεσις
1235 1762 1572 1873 vituperandi

372 1849 616 1911 <Catonis
632 1848 973 1912 irrideretur.
1565 1882 1570 1887 ·

608 2043 877 2087 clerano
918 2046 1179 2099 Αττιοο
1221 2048 1371 2089 SAL.

468 2111 734 2187 Vincam,
748 2115 973 2193 opinor,
987 2118 1252 2191 animum,
1263 2128 1320 2173 et
1330 2112 1569 2173 Lanuvio
1584 2108 1630 2165 4⁶

290 2268 295 2271 Ι
383 2216 607 2275 pergam
633 2199 694 2255 in
726 2197 1128 2261 Tusculanum.
1175 2216 1271 2259 aut
1285 2202 1432 2259 enim
1447 2200 1570 2260 mihi

384 2288 447 2344 in
476 2298 800 2361 perpetuum
827 2284 1005 2345 fundo
1037 2286 1135 2346 illo
1159 2286 1451 2346 carendum
1484 2284 1571 2345 est:

384 2369 537 2440 (nam
563 2366 723 2427 dolor
740 2369 882 2429 idem
897 2374 1163 2447 manebit,
1188 2388 1398 2433 tantum
1420 2372 1572 2432 medi-

382 2452 603 2529 ocrius)
626 2455 914 2518 autnescio
929 2458 1064 2539 quid
1077 2456 1312 2535 interfit,
1327 2475 1501 2519 utrum
1515 2457 1573 2518 il-

382 2536 477 2600 luc
492 2558 643 2603 nunc
674 2544 922 2625 veniam,
961 2566 1034 2609 an
1066 2545 1138 2608 ad
1176 2546 1366 2612 decem
1389 2566 1570 2611 annos
