1700 3084
337 169 462 254 AD'
487 161 1063 254 Armenium.
1102 201 1204 256 ix.
1270 217 1381 274 451

177 288 280 354 fiee
294 289 502 368 gratias
521 307 692 370 agens
719 293 963 354 Caesari:
1000 295 1069 354 de
1086 294 1183 354 suo
1206 311 1388 356 antem

173 379 408 442 consilio
435 385 503 439 C.
525 382 728 440 Caecio
751 383 1009 442 mandata
1032 382 1099 440 ad
1118 402 1207 444 me
1222 380 1382 440 dedis
1376 413 1399 428 ·

177 465 250 528 se.
269 488 398 525 eum
417 487 524 542 ego
535 466 700 525 hodie
716 467 1147 546 expe&abam,id
1164 467 1237 527 est
1250 489 1317 526 xz
1334 489 1352 526 1
1368 489 1387 528 1

173 553 270 612 kal
303 553 492 632 April.
554 555 712 612 venit
747 555 911 612 etiam
944 553 1011 613 ad
1049 575 1137 614 me
1178 557 1388 614 Matius

171 640 656 716 Quinquatribus„
679 642 850 698 homo
868 641 1193 712 mehercule,
1210 657 1271 698 ut
1288 643 1393 700 mi-

172 727 232 784 hi
248 724 406 784 visus
423 725 522 800 est,
545 741 879 805 temperatus
896 743 951 784 et
966 725 1229 805 prudens3
1248 725 1391 786 exis-

172 814 413 871 timatus
440 813 664 890 quidem
691 811 768 870 est
791 810 999 891 semper
1036 817 1225 872 auftor
1260 815 1387 875 otii.

170 919 344 977 quam
361 898 454 955 ille
479 903 610 958 haec
625 920 746 956 non
777 902 1011 978 probare
1025 901 1157 958 mihi
1169 899 1389 977 quidem

171 985 326 1046 visus
348 984 448 1043 est!
479 1005 644 1063 quam
661 984 810 1044 illam
841 993 1025 1050 νηὶυίαι,
1051 1001 1113 1044 ut
1128 1001 1183 1044 tu
1206 986 1389 1066 appel·

167 1071 278 1145 laS,
313 1073 532 1130 timere!
568 1074 696 1131 huic
717 1093 824 1148 ego
845 1073 907 1130 in
938 1071 1116 1132 multo
1140 1071 1389 1132 sermone

162 1158 460 1237 epistolam
475 1158 542 1216 ad
555 1179 641 1216 me
657 1156 903 1216 Caesaris
918 1159 1127 1218 ostendi
1132 1179 1271 1233 ,eam
1274 1179 1391 1234 ,cu-

157 1245 262 1323 jus
285 1243 602 1322 exemplum
634 1243 700 1302 ad
735 1260 792 1302 te
823 1262 987 1304 antea
1000 1243 1141 1316 mffi3
1170 1245 1390 1321 rogavi-

161 1352 308 1409 que,
353 1347 418 1389 ut
435 1332 909 1410 interpretaretur,
934 1331 1067 1410 quid
1082 1329 1211 1388 esset
1235 1329 1411 1409 quod·

165 1417 268 1476 ille
285 1415 570 1492 scriberet,
586 1421 602 1448 ‘
623 1416 852 1480 confilio
870 1439 995 1478 meo
1015 1421 1029 1444 '
1046 1415 1098 1476 se
1122 1418 1203 1474 uti
1222 1417 1387 1492 velle,

169 1505 194 1537 ‘
220 1506 430 1581 gratia,
447 1503 738 1580 dignitate,
763 1525 870 1584 ope
888 1525 1068 1564 rerum
1086 1504 1361 1563 omnium.
1376 1505 1391 1530 ’

169 1589 489 1670 respondit,
515 1589 568 1649 se
586 1613 705 1650 non
735 1591 985 1650 dubitare
1000 1594 1135 1670 quin
1149 1606 1204 1648 et
1226 1609 1391 1669 opem

171 1693 236 1738 et
255 1678 492 1753 gratiam
524 1697 700 1738 meam
739 1677 830 1736 ille
860 1677 928 1737 ad
946 1677 1392 1756 pacificationem

173 1778 492 1842 quaereret.
539 1769 753 1824 utinam
774 1763 997 1843 aliquod
1020 1767 1078 1823 in
1108 1767 1211 1822 hac
1234 1760 1392 1822 mise·
1445 1825 1453 1832 ,

177 1853 265 1910 ria
283 1850 638 1924 Reipublicae
656 1861 895 1910 σολιτικὲν
923 1871 1067 1929 opus
1100 1849 1309 1906 efficere
1338 1863 1396 1908 et

179 1957 393 1996 navare
408 1938 540 1995 mihi
557 1938 734 1998 liceat.
783 1941 993 1996 Matius
1012 1935 1231 2013 quidem
1246 1949 1304 1992 et
1328 1936 1395 1994 il-

182 2023 380 2082 lumin
405 2043 467 2081 ea
489 2021 756 2082 sententia
786 2021 889 2082 effe
908 2021 1242 2095 confidebat,
1270 2037 1325 2079 et
1341 2020 1395 2081 se

183 2113 468 2168 austorem
487 2109 606 2169 fore
623 2111 1001 2190 pollicebatur.
1020 2108 1197 2188 pridie
1212 2107 1395 2168 autem

173 2195 336 2276 apud
349 2217 438 2256 me
449 2198 706 2276 Craffipes
722 2197 1015 2274 fuerat,qui
1032 2194 1083 2253 se
1098 2195 1273 2274 pridie
1288 2215 1396 2254 no-

175 2303 296 2341 ·nas
335 2289 505 2342 Mart.
555 2280 863 2342 Brundufio
893 2278 1195 2361 profeelum
1232 2295 1401 2357 atque
1486 2287 1495 2294 “

184 2371 268 2428 ibi
287 2371 608 2448 Pompeium
625 2367 895 2448 reliquisse
910 2367 1144 2427 dicebat:
1170 2366 1323 2444 quod
1340 2387 1399 2423 e-

189 2458 328 2514 tiam
345 2459 441 2534 qui
466 2476 532 2514 v1
553 2476 570 2514 1
591 2477 615 2516 1
641 2455 762 2514 idus
801 2455 957 2514 illinc
972 2452 1204 2534 profeffi
1220 2467 1403 2524 erant,

193 2544 555 2603 nuntiabantx
581 2543 678 2603 illa
705 2561 843 2603 vero
868 2558 1092 2615 omnes,
1117 2537 1179 2595 in
1204 2535 1403 2613 quibus
