1700 3084
354 190 470 269 558
623 192 1271 250 EPISTOLARUM

347 288 574 372 peti-affe
595 289 748 350 nullo
765 290 985 368 quidem
1002 292 1251 367 negotio.
1278 289 1434 369 quod
1446 313 1553 370 ego

347 379 525 455 magis
549 377 862 454 gauderem,
885 374 924 434 fi
952 368 1047 434 ista
1070 379 1235 436 nobis
1260 379 1553 457 impetrata

348 463 650 542 quidquam
673 462 738 521 ad
771 460 919 540 spem
952 462 1223 542 explorati
1262 466 1551 524 haberent.

348 549 439 608 sed
463 565 517 606 et
547 549 652 608 alia
683 547 923 607 timenda
945 545 1093 621 sunt,
1138 551 1207 607 ab
1226 547 1477 628 aliisque,
1502 565 1559 609 et

347 635 417 694 ab
439 637 548 693 hoc
563 633 703 713 i'pst).
750 653 892 710 quae
920 633 1124 692 dantur
1148 649 1211 692 ut
1234 655 1267 692 a
1296 633 1555 710 domino,

348 717 609 780 rursusin
641 716 879 796 ejusdem
899 718 1025 777 sunt
1056 719 1341 798 potestate.
1389 724 1559 781 etiam

343 805 594 865 Sallustio
620 806 861 882 ignovit.
907 807 1143 865 omnino
1158 806 1361 865 dicitur
1380 809 1560 866 nemi·

345 894 410 952 ni
443 911 661 968 negare.
724 891 877 970 qnod
909 888 1085 969 ipfiam
1112 890 1187 951 est
1228 890 1559 970 suspectum,

346 981 641 1038 notionem
671 978 790 1054 ejus
822 977 1040 1036 deferri.
1088 984 1173 1037 M.
1206 978 1452 1055 GalnuS,
1476 987 1555 1055 Q.

343 1064 516 1137 filiuS,
531 1064 800 1142 mancipia
812 1061 1065 1122 Sallustio
1085 1062 1341 1124 reddidit.
1390 1067 1443 1124 is
1458 1087 1557 1126 ve·

343 1153 434 1212 nit
457 1166 517 1209 ut
539 1149 782 1225 legiones
801 1151 861 1207 in
878 1149 1113 1208 Siciliam
1131 1149 1473 1212 traduceret:
1498 1167 1559 1212 et

343 1239 603 1318 protinus
628 1237 831 1293 i’turum
856 1233 1137 1293 caesarem
1154 1238 1347 1312 patris.
1396 1238 1559 1316 quod

341 1319 585 1396 sifaciet,
609 1341 738 1399 eg0,
775 1319 928 1399 quod
951 1335 1079 1380 ante
1106 1321 1345 1396 mallem,
1360 1317 1560 1404 aliquo

343 1411 574 1492 propius
613 1405 884 1466 accedam.
951 1420 1074 1464 tuas
1103 1405 1291 1465 literas
1324 1407 1393 1466 ad
1431 1429 1559 1482 eas,

343 1496 546 1573 quibus
563 1514 594 1552 a
609 1508 663 1552 te
678 1494 933 1571 proxime
946 1489 1228 1563 confilium
1241 1495 1438 1573 petivi,
1455 1515 1556 1554 ve·

341 1582 626 1640 hementer
647 1582 900 1662 expecto.
945 1577 1091 1640 vale.
1132 1577 1380 1642 xvi‘kal.
1416 1587 1555 1662 Sep-

343 1665 518 1726 temb.

579 1853 850 1899 ctcmto
876 1855 1139 1898 Arrrco
1174 1858 1327 1901 sn..

426 1925 633 2005 Accepi
665 1944 731 1984 vi
762 1923 876 1984 kal.
898 1929 1048 2002 Sept.
1072 1922 1259 1984 literas
1294 1945 1325 1983 a
1358 1939 1413 1984 te
1442 1923 1541 1986 da·
1566 1920 1621 1956 2'

338 2025 428 2072 tas
467 2030 572 2070 xit
629 2011 743 2071 kal.
801 2008 1207 2088 doloremque,
1256 2029 1421 2089 quem
1471 2031 1549 2072 ex

339 2099 540 2176 Quinti
563 2096 756 2158 scelere
770 2093 1098 2176 jampridem
1114 2109 1399 2176 acceptum
1421 2097 1545 2174 jam

257 2228 264 2234 .
335 2183 801 2259 abj‘eceram,le6ta
815 2182 935 2260 ejus
946 2180 1165 2260 epistola
1176 2182 1545 2258 graviflimum

297 2311 312 2316 -
337 2269 480 2347 cepi.
531 2283 591 2328 tu
613 2267 708 2328 etfi
732 2289 851 2327 non
872 2265 1093 2348 potuisti
1122 2267 1239 2326 ullo
1264 2267 1435 2327 modo
1456 2268 1538 2329 fa-

337 2372 483 2425 cere,
515 2367 578 2410 ut
609 2355 745 2412 mihi
782 2353 934 2411 iilam
960 2350 1243 2432 epistolam
1268 2374 1387 2412 non
1410 2356 1537 2416 mit-

333 2451 477 2494 teres
499 2457 518 2494 ε
561 2451 744 2496 tamen
775 2437 989 2496 mallem
1030 2458 1149 2496 non
1172 2436 1278 2497 effe
1308 2437 1539 2502 missam.

331 2519 404 2580 ad
425 2539 492 2582 ea
505 2535 712 2600 autem,
734 2540 877 2602 quae
898 2519 1087 2585 scribis
1110 2523 1179 2585 de
1192 2523 1545 2606 testamento,
