1700 3084
295 190 417 243 AD
442 186 492 244 A
509 186 671 244 ττι
694 184 883 245 cuM
903 189 1024 244 Lu.
1047 189 1208 247 xm.
1235 186 1346 265 ⁶4⁷

123 284 425 347 includere
461 286 521 344 in
544 284 799 363 dialogos
822 304 1038 361 eorum,
1062 286 1162 368 qui
1192 288 1350 346 vive-

122 388 289 433 rent=
309 369 421 447 sed,
430 374 563 451 quia
579 369 765 431 scribis
778 388 837 431 et
850 370 1134 431 defiderari
1152 392 1184 431 a
1199 379 1346 431 Var-

124 479 299 533 rone,
329 474 387 516 et
407 460 595 535 magni
612 458 767 517 illum
782 456 1076 531 aestimare,
1093 478 1191 517 eos
1207 478 1348 517 con·

126 544 269 607 feci:
306 560 365 603 et
388 542 619 617 absolvi,
642 543 827 604 nescio
848 562 1016 623 quam
1046 544 1210 621 bene,
1255 543 1348 605 scd

126 634 211 693 ita
224 645 509 707 accurate,
523 646 585 689 ut
598 630 739 691 nihil
776 629 952 711 poss‘ct
988 629 1170 710 supra,
1201 639 1352 691 Aca·
1452 698 1466 709 ,

128 718 407 778 demicam
416 737 641 777 omnem
653 716 1024 797 quaestionem
1033 717 1194 777 libris
1209 738 1346 797 qua-

130 820 289 864 tuor.
312 807 375 863 in
390 806 493 877 eis,
518 824 657 883 quae
670 818 829 863 erant
844 818 1048 863 contra
1067 815 1346 876 σξιθιτηηψ-

130 898 207 951 ἰσὶν
224 888 507 971 praeclare
532 889 762 950 collecta
776 892 845 949 ab
861 892 1167 965 Antiocho,
1198 898 1346 952 Var-

132 979 269 1037 roni
296 976 448 1035 dedi:
505 976 575 1035 ad
600 996 663 1035 ea
686 974 798 1056 ipse
821 974 1148 1057 respondent
1192 992 1254 1037 tu
1281 997 1344 1039 es

134 1064 338 1123 tertius
364 1063 425 1122 in
446 1061 695 1122 fiet-mone
714 1061 924 1123 nostro.
972 1062 1011 1123 fi
1029 1070 1250 1125 Cottam
1255 1078 1347 1140 ,et

134 1158 459 1211 Varronem
482 1148 713 1213 fecissem
734 1151 882 1209 inter
897 1148 950 1209 se
978 1148 1342 1230 disputantes,

135 1253 199 1297 nt
224 1258 259 1297 a
284 1253 339 1297 te
356 1238 634 1316 proximis
658 1236 829 1295 literis
876 1236 1202 1309 admoneor-3
1229 1256 1344 1297 me·

136 1332 392 1395 um'xespeiv
414 1333 651 1398 πρόσωπον
676 1320 824 1383 effet.
871 1326 980 1381 hoc
1011 1325 1070 1381 in
1097 1324 1342 1403 antiquis

134 1409 394 1491 personis
412 1408 645 1469 suaviter
660 1410 743 1483 fit,
769 1426 833 1469 ut
850 1425 906 1468 et
931 1408 1248 1470 Heraclides
1281 1412 1344 1469 in

132 1496 354 1570 multis,
370 1511 425 1555 et
446 1517 553 1555 nos
578 1494 673 1555 sex
686 1496 755 1556 de
772 1496 1070 1575 Republica
1093 1495 1246 1555 libris
1263 1494 1346 1555 fe-

133 1586 337 1643 cimus·
362 1581 487 1641 sunt
510 1585 671 1643 etiam
688 1583 756 1642 de
778 1592 1012 1643 Oratore
1028 1580 1198 1642 nostri
1208 1598 1344 1657 tres,

32 1748 37 1755 Ι
130 1671 275 1731 mihi
300 1672 647 1728 vehementer
664 1671 902 1749 probati:
939 1672 998 1728 in
1021 1672 1100 1729 eis
1117 1690 1342 1749 quoque

130 1777 236 1816 eae
258 1753 522 1834 personae
554 1754 701 1829 sunt,
720 1772 781 1814 ut
796 1757 930 1814 mihi
949 1758 1236 1817 tacendum
1253 1757 1342 1817 fu-

132 1844 267 1902 erit.
320 1840 535 1901 Crass'us
559 1844 704 1901 enim
731 1842 1003 1921 loquitur,
1028 1846 1340 1917 Antonius»,

134 1928 373 1988 Catulus
392 1926 577 2002 senex,
612 1934 682 1988 C.
702 1929 906 2005 Julius»,
941 1927 1109 1987 frater
1134 1928 1340 2003 Catuli,

134 2022 336 2086 Cotta,
360 2015 646 2095 Sulpicius.
694 2035 870 2095 puero
909 2034 996 2072 me
1033 2015 1123 2073 hic
1165 2012 1342 2073 ser-mo

132 2100 446 2176 inducitur,
484 2116 549 2159 nt
575 2102 756 2161 nullae
784 2099 889 2159 ess'e
917 2098 1132 2180 possent
1154 2116 1340 2180 partes

133 2207 315 2249 meae.
340 2206 481 2264 quae
502 2204 684 2247 autem
707 2190 794 2247 his
818 2190 1155 2267 temporibus
1173 2186 1342 2268 scrip-

134 2273 204 2347 Β,
221 2276 529 2345 Α’ριςοτέλειου
552 2294 761 2333 rnorem
778 2276 1002 2348 habent;
1021 2277 1080 2333 in
1099 2296 1214 2353 quo
1233 2274 1343 2334 ser·-

138 2378 241 2423 mo
267 2360 343 2417 ita
372 2358 655 2419 inducitur
690 2376 1060 2437 caeterorum,
1086 2378 1146 2420 ut
1172 2380 1344 2442 penes

134 2443 325 2526 ipsum
346 2444 409 2504 fit
431 2449 793 2527 principatus.
842 2450 920 2505 ita
933 2446 1150 2507 confeci
1176 2450 1346 2527 quin-

142 2552 259 2613 que
271 2528 443 2593 libros
459 2544 563 2609 περὶ
580 2546 730 2601 mat-v,
744 2550 809 2593 ut
822 2535 1092 2614 Epicurea
1110 2540 1178 2594 1..
1189 2539 1344 2594 Tor-

728 2627 777 2678 L
