1700 3084
269 155 1001 216 ADATTmUMLm.
1058 157 1163 214 xx.
1212 171 1321 232 549

99 257 316 338 pergit,
327 271 392 314 ut
408 255 478 316 ad
501 275 590 314 me
603 271 662 315 et
676 253 846 314 Pansa
862 253 1089 335 scripfit,
1110 271 1167 316 et
1182 259 1327 318 Hir·

101 347 218 403 tius
239 366 260 400 ε
331 339 484 422 isque
521 344 654 402 item
689 341 931 402 Africam
970 357 1153 422 petere
1195 365 1323 406 cum

99 431 340 490 caeteris
357 428 582 488 dicitur.
628 428 697 488 ad
715 430 1027 488 Minucium
1040 449 1203 510 paren
1212 446 1323 490 tem

99 516 370 589 scribam,
399 530 460 574 et
487 532 612 574 tuas
647 515 834 574 literas
862 516 1101 574 mittam.
1156 515 1225 574 ad
1268 531 1325 576 te

99 601 526 676 stribam,'num
559 601 692 680 quid
713 603 907 678 egerit.
942 607 1061 660 H-S
1082 623 1205 660 xxx
1220 621 1323 684 po-

97 687 264 755 tuiffe
293 692 550 762 mirarer,
589 687 688 748 nifi
709 689 885 746 multa
928 687 999 746 de
1022 687 1324 748 Fufidianis

99 776 369 857 praediis.
425 789 484 833 et
500 775 556 834 id
579 775 762 834 video.
781 789 967 833 tamen
984 789 1039 832 te
1060 780 1289 853 expecto
1302 796 1323 835 τ
1408 825 1421 838 .

99 883 276 942 quem
293 861 506 932 videre,
535 859 576 920 fi
598 861 714 920 ullo
727 861 901 920 modo
926 875 1087 940 potes
1109 862 1325 937 venire,

101 948 434 1030 pervellem.
462 951 582 1025 jam
605 965 915 1008 extremum
944 946 1320 1011 concluditur.

101 1038 180 1094 ibi
197 1034 366 1095 facile
381 1033 480 1108 est,
503 1034 662 1114 quid,
692 1035 857 1116 quale
870 1034 935 1096 fit
953 1037 1199 1114 gravius,
1216 1053 1327 1098 ex·

103 1121 370 1184 istimare.
417 1121 560 1182 vale.

347 1312 614 1354 ctcssno
645 1313 917 1354 Αττιοο
952 1313 1103 1354 ευ..

37 1401 84 1454 ¹5
197 1379 670 1457 Qubniamjustas
693 1378 878 1440 causas
899 1377 1085 1456 affers,
1104 1376 1259 1461 quod
1273 1394 1333 1442 te

105 1471 222 1529 hoc
243 1465 694 1546 temporevidere
707 1487 828 1526 non
849 1467 1041 1546 poffim
1062 1489 1081 1527 ε
1105 1465 1333 1547 quaese,

107 1555 252 1635 quid
268 1553 336 1613 fit
361 1555 494 1612 mihi
509 1551 838 1614 faciendum.
876 1553 967 1612 ille
980 1557 1129 1614 enim
1150 1555 1231 1614 ita
1243 1555 1332 1614 vi-

109 1641 280 1701 detur
299 1637 695 1700 Alexandriam
727 1654 936 1716 tenere,
960 1656 1023 1700 ut
1050 1662 1177 1702 eum
1206 1637 1336 1702 scri-

109 1729 244 1788 bere
265 1729 436 1786 etiam
469 1725 673 1805 pudeat
701 1726 901 1786 demis
932 1729 1117 1793 rebus.
1170 1728 1213 1786 ii
1234 1748 1335 1788 au·

116 1828 234 1874 tem
247 1834 324 1872 ex
347 1812 538 1874 Africa
552 1813 670 1890 jam
691 1811 917 1872 affuturi
932 1813 1192 1874 videntur
1206 1836 1225 1886 ;
1253 1821 1335 1874 A·

117 1903 300 1976 daei,
327 1901 460 1958 item
485 1919 562 1959 ex
587 1897 714 1960 Afia
742 1891 972 1960 redituri
996 1899 1063 1958 ad
1092 1919 1213 1974 eos,
1240 1915 1339 1960 aut

120 1987 304 2048 libero
343 1985 536 2068 aliquo
571 1985 702 2046 loco
739 1987 1159 2048 commoraturi.
1200 1985 1340 2063 quid

123 2074 260 2134 mihi
277 2074 445 2148 igitur
466 2087 630 2152 putas
653 2072 927 2151 agendum
952 2075 973 2132 ἓ
1007 2071 1171 2132 video
1194 2071 1341 2132 diffi-

127 2160 232 2221 cile
251 2157 354 2220 effic
377 2157 684 2220 confilium.
719 2157 836 2218 sum
878 2161 1031 2220 enim
1050 2157 1221 2234 solus,
1242 2175 1341 2233 aut

129 2266 254 2306 cum
275 2245 472 2321 altero,
487 2248 580 2306 cui
595 2265 772 2326 neque
785 2245 855 2305 ad
880 2245 1005 2306 illos
1024 2245 1230 2306 reditus
1248 2244 1335 2320 fit,

131 2353 308 2412 neque
331 2334 400 2393 ab
419 2334 508 2392 his
525 2331 652 2412 ipfis
667 2331 971 2412 quidquam
986 2331 1059 2392 ad
1088 2331 1237 2413 spem
1252 2330 1343 2392 os-

135 2419 408 2479 tendatur.
465 2419 556 2480 sed
586 2434 770 2478 tamen
801 2417 937 2478 scire
977 2418 1167 2491 velim,
1206 2417 1344 2497 quid

137 2503 388 2569 censeas:
431 2505 602 2589 idque
631 2521 752 2568 enat
765 2506 1050 2582 cumanis,
1073 2523 1172 2566 cur
1194 2518 1273 2581 te,
1292 2499 1349 2565 ‚fi
