1700 3084
319 127 430 198 652
589 128 1237 186 EPIsToLARUM

313 224 464 282 enim
486 223 665 283 aliud?
685 226 935 285 Varroni
958 223 1181 304 quidem
1193 243 1339 303 quae
1354 221 1532 304 scrip-
1590 279 1597 284 .

313 305 352 368 fi
371 324 425 368 te
441 315 684 386 austum,
700 313 776 371 ita
801 331 1039 391 propero
1053 311 1297 388 mittete,
1322 327 1387 370 ut
1402 312 1529 388 jam

313 400 554 456 Romam
577 396 814 457 miserim
836 395 1211 458 describenda.
1256 419 1323 456 ea
1354 397 1393 457 fi
1422 418 1531 457 vo-

311 482 422 558 les,
435 481 607 542 statim
625 485 875 565 habebis·
896 481 1081 563 scripsi
1093 485 1243 542 enim
1260 481 1330 542 ad
1354 483 1529 544 libra·

313 571 454 644 rios,
483 585 546 628 ut
567 569 722 630 fieret
745 561 880 646 niis,
920 567 961 629 fi
998 585 1059 630 tu
1089 570 1289 645 velles,
1324 569 1529 632 deseri·

313 645 482 714 ben'di
506 655 762 734 potestas.
787 678 852 716 ea
872 677 1011 716 vero
1034 658 1529 735 continebisfluo·

239 797 258 818 ,
313 741 381 802 ad
399 739 508 821 ipse
525 758 577 800 te
599 743 842 816 videam3
861 743 1011 822 quod
1026 743 1428 820 diligentiflime
1437 743 1529 812 fae

315 847 439 886 cere
457 826 622 903 soleS,
639 851 763 890 cum
779 850 810 888 a
829 849 919 888 me
935 831 1035 890 tibi
1053 829 1259 890 dietum
1276 828 1371 896 est.
1390 851 1529 896 cum

318 929 500 972 autem
513 915 658 994 fugit
682 938 770 976 me
794 918 895 975 tibi
911 915 1115 990 dicere;
1132 915 1365 976 mirifice
1382 922 1530 976 Cae-

317 999 474 1074 telia,
510 1001 688 1063 studio
719 1002 977 1064 videlicet
1000 1001 1377 1083 philosophiae
1426 1005 1531 1064 fla·-

235 1125 248 1135 ·
317 1106 511 1164 grans,
526 1088 783 1150 describit
799 1092 982 1148 aruis:
1009 1088 1139 1148 istos
1154 1088 1303 1170 ipsos
1324 1088 1345 1121 ‘
1362 1091 1439 1150 de
1462 1091 1533 1152 fi-

317 1173 342 1206 ‘
373 1175 540 1234 nibus
558 1179 573 1202 '
589 1179 772 1240 habet.
789 1197 897 1254 ego
912 1191 1093 1236 autem
1109 1177 1211 1236 tibi
1224 1175 1537 1255 confirmo,

321 1257 561 1340 (poffum
597 1262 733 1339 salli,
765 1279 828 1322 ut
851 1267 1157 1339 humanus)
1178 1284 1210 1321 a
1238 1265 1379 1324 meis
1404 1285 1535 1328 eam

319 1367 442 1406 non
471 1350 691 1410 habere.
738 1369 1027 1428 nunquam
1056 1351 1208 1410 enim
1244 1352 1315 1410 ab
1336 1351 1531 1412 oeulis

322 1434 458 1492 meis
476 1434 787 1496 abfuerunt.
834 1452 1049 1496 tantum
1074 1456 1245 1515 porro
1260 1439 1455 1498 aberat
1466 1453 1534 1502 nt

320 1519 489 1594 binos
515 1518 835 1596 scriberent;
868 1524 970 1582 vix
995 1521 1239 1601 fingulos
1261 1523 1533 1586 confece-

225 1617 238 1624 ·
317 1621 474 1672 tunt.
526 1623 750 1670 tuorum
771 1611 956 1670 t'amen
986 1630 1092 1688 ego
1116 1610 1336 1673 nullum
1353 1610 1534 1672 delie-

315 1707 436 1750 tum
458 1697 726 1770 arbitron
753 1697 1007 1777 idemque
1022 1713 1079 1756 te
1093 1696 1230 1758 volo
1244 1697 1531 1760 existima-

313 1799 398 1838 ret
431 1799 462 1838 a
475 1801 565 1840 me
579 1785 728 1844 enim
745 1782 1175 1864 praetermilsum
1188 1783 1289 1860 est,
1296 1800 1361 1844 ut
1369 1784 1531 1846 diee-

314 1886 458 1941 rem,
496 1888 595 1928 me¹
614 1891 712 1931 eos
737 1874 889 1932 exire
922 1870 1177 1932 nondum
1212 1870 1371 1932 velle.
1421 1874 1537 1933 hui·

315 1972 484 2032 quam
499 1954 592 2015 diu
621 1956 690 2017 de
705 1959 897 2038 nugis?
924 1956 993 2017 de
1011 1978 1070 2018 re
1084 1959 1235 2020 enim
1256 1957 1399 2018 nihi}
1414 1961 1531 2018 ha·

313 2042 445 2112 bec,
469 2043 620 2121 quod
635 2043 855 2124 loquar.
900 2043 969 2104 de
999 2043 1287 2104 Dolabella
1315 2046 1415 2105 tibi
1438 2044 1531 2106 as-

311 2123 554 2196 sentior„
567 2131 885 2208 coheredes,
914 2147 979 2192 ut
994 2129 1207 2206 scribis,
1222 2131 1281 2191 in
1297 2127 1529 2192 Tuscu·

309 2211 446 2272 lano
456 2257 469 2271 .
517 2214 585 2275 de
607 2215 852 2279 Caesaris
868 2215 1111 2280 adventu
1126 2215 1331 2298 scripfit
1345 2217 1413 2278 ad
1426 2239 1533 2280 me

311 2298 540 2376 Balbus,
577 2323 696 2362 non
742 2321 872 2366 ante
900 2305 1012 2366 kal.
1046 2313 1203 2365 Sext.
1236 2305 1305 2365 de
1326 2306 1529 2368 Attica

311 2385 544 2464 optime,
559 2389 710 2467 quod
731 2391 933 2466 levius,
966 2413 1031 2453 ac
1060 2391 1263 2466 lenius,
1288 2406 1345 2451 et
1360 2392 1531 2471 quod

314 2472 422 2542 fiet:
433 2481 636 2544 tandm.
661 2477 1011 2564 quodantem
1026 2477 1095 2542 de
1108 2477 1201 2543 ina
1218 2476 1407 2546 nostra
1416 2499 1523 2548 co·
