1700 3084
389 203 516 259 554
649 183 1058 240 “E'Prs‘roL
1075 183 1329 240 ARUM

375 303 488 340 -eat
535 283 594 341 in
629 301 742 360 quo
768 297 883 339 ‘tuo
906 279 1131 339 confilio
1164 299 1324 356 egeo,
1358 281 1543 340 etiam
1576 280 1630 342 ‘fi

381 369 534 427 mihil
549 367 852 442 excogitas:
874 365 930 424 id
953 369 1101 424 enim
1112 368 1245 424 mihi
1264 369 1369 424 erit
1383 387 1496 448 pro
1516 367 1629 426 de·

373 453 630 535 sperato.
672 475 754 519 τι
777 475 800 514 1
835 473 975 512 non.
1002 461 1137 529 Jun.

641 643 899 686 menno
934 643 1192 684 ATtho
1222 645 1372 686 su..

453 714 903 791 '‘Px-operantibus
921 711 1211 769 tabellariis
1242 711 1436 770 alienis
1458 712 1622 771 hanc
1654 735 1685 778 ις

378 797 675 878 -epistolam
693 798 816 856 dedi
833 820 849 870 3
872 817 940 854 eo
957 799 1181 855 brevior
1198 796 1305 869 est3
1340 813 1418 870 et,
1444 797 1623 876 quod

389 905 545 943 eram
577 882 824 942 missurus
856 903 1033 942 meos·
1056 883 1270 942 'Tullia
1298 903 1421 942 mea
1451 885 1623 941 venit

395 969 466 1028 ad
491 991 576 1036 mc
599 970 772 1048 pridie
790 969 911 1026 idus
930 975 1063 1043 Jun.
1091 968 1267 1045 deque
1292 985 1386 1026 tua
1403 989 1530 1044 erga
1556 967 1623 1027 se

395 1055 747 1116 observantia
767 1055 1267 1132 benevolentiaque
1282 1056 1415 1114 mihi
1434 1053 1619 1134 pluri:-

395 1162 488 1201 ma
503 1139 776 1221 exposuit,
822 1137 1107 1218 literasque
1138 1140 1376 1199 reddidit
1407 1142 1613 1200 trina-5.

395 1247 502 1303 ego
527 1244 706 1286 autem
725 1247 796 1285 ex
813 1224 977 1305 ipfius
993 1228 1218 1300 virtute,
1240 1230 1617 1301 humanitate,

395 1316 598 1394 pietate
623 1333 742 1372 non
765 1311 935 1371 modo
958 1331 1079 1370 eam
1108 1311 1455 1392 voluptatem
1488 1333 1617 1371 non

395 1402 541 1480 cepi,
575 1419 739 1477 quam
769 1418 961 1477 capere
989 1418 1061 1455 ex
1084 1396 1342 1474 fingulari
1372 1398 1484 1456 filia
1514 1399 1615 1458 de-

399 1487 519 1557 bui;
554 1484 640 1543 sed
655 1487 820 1544 etiam
837 1484 1143 1542 incredibili
1174 1482 1291 1544 sum
1315 1484 1515 1543 dolore
1528 1483 1611 1542 af·

397 1570 594 1645 seclusi,
627 1571 733 1630 tale
749 1571 1035 1646 ingenium
1052 1571 1111 1629 in
1128 1585 1238 1629 tam
1270 1569 1465 1630 misera
1492 1570 1611 1628 for·

399 1671 537 1714 tuna
558 1656 780 1729 versari,
813 1654 980 1734 idque
996 1655 1239 1716 accidere
1256 1656 1411 1715 nullo
1444 1655 1611 1735 ipfius
1681 1725 1682 1732 ἵ

399 1740 622 1817 delicio,
647 1740 855 1801 summa
877 1741 1038 1820 culpa
1080 1761 1220 1802 mea.
1270 1748 1459 1820 itaque
1488 1763 1521 1799 a
1552 1759 1611 1801 te

399 1849 582 1907 neque
597 1827 1031 1887 consolationem
1048 1828 1189 1904 jam,
1212 1849 1321 1907 qua
1339 1849 1539 1908 cupeoe
1552 1845 1611 1888 te

360 1979 364 1983 ,
399 1916 486 1974 uti
516 1915 703 1988 video,
727 1912 1323 1992 nec-confilium,quod
1344 1917 1469 1994 capi
1484 1915 1613 1974 nul·
1679 1905 1680 1910 ἵ

395 2001 518 2061 ium
544 1999 740 2079 potest,
781 2003 1034 2079 expedio:
1064 2015 1227 2078 teque
1250 2002 1441 2059 omnia
1474 2021 1606 2060 cum

401 2085 771 2166 superioribus
789 2083 943 2164 saepe
962 2086 1157 2157 literis,
1196 2102 1313 2145 tum
1338 2089 1615 2164 proximis

341 2187 349 2192 ·
397 2170 630 2230 tentasse
661 2171 939 2247 intelligo.
976 2191 1231 2248 egocum
1248 2170 1499 2232 Sallustio
1515 2175 1613 2231 Ci-
1677 2193 1678 2202 ¹

393 2275 658 2315 cet-onem
675 2257 744 2316 ad
759 2255 1037 2316 Caesarem
1048 2258 1263 2315 mittere
1276 2260 1611 2334 cogitabam.

397 2340 649 2402 Tulliam
667 2358 844 2400 autem
864 2363 983 2402 non
1000 2343 1251 2402 videbam
1266 2341 1373 2402 effe
1394 2343 1609 2404 causam

399 2444 501 2486 cur
534 2425 741 2485 diutius
773 2446 985 2488 mecum
1030 2443 1193 2500 tanto
1230 2429 1292 2488 in
1325 2433 1611 2492 communi

393 2511 654 2575 moerore
692 2513 1005 2584 retinerem.
1050 2516 1241 2596 itaque
1270 2517 1451 2580 matrs
1464 2537 1613 2598 eam,
