1700 3084
337 177 462 232 AD
487 175 925 234 ATTICUM
956 179 1073 236 Lu.
1100 181 1230 237 ΧΠ.
1271 181 1381 254 603

183 297 306 338 non
324 273 676 354 affequimur;
695 274 761 344 (a
775 279 965 336 Lamia
980 297 1097 336 non
1114 294 1249 358 puto
1268 277 1391 359 post-
1442 285 1451 294 '

179 364 268 441 se)
285 361 605 442 Damafippi
631 362 1029 443 experiendum
1052 363 1147 425 est.

310 577 318 584 -
437 553 700 594 menno
733 555 990 595 Αττῐοο
1020 555 1169 597 sm..

108 650 168 694 30
283 628 538 696 Quaero,
553 622 684 700 quid
703 621 770 680 ad
793 637 846 682 te
860 621 1109 681 scribam:
1142 622 1229 682 sed
1250 623 1391 682 nihi}

181 707 284 768 est.
313 707 505 766 eadem
522 707 792 786 quotidie.
815 707 968 788 quod
984 710 1281 770 Lentulum
1298 713 1389 770 in·

177 793 334 868 vifis,
353 793 518 852 valde
546 809 789 870 gratum.
838 813 1039 873 pueros
1061 798 1293 854 attribue
1314 799 1391 872 ei,

179 895 351 960 quot,
375 895 432 938 et
443 897 591 957 quos
607 880 903 939 videbitur.
952 881 1019 941 de
1040 881 1157 939 silii
1182 882 1383 942 volun·

183 982 298 1028 tate
320 965 626 1038 vendendi,
649 981 704 1024 et
725 966 794 1024 de
815 985 887 1024 eo
902 969 1189 1045 quanti‚tn
1210 969 1391 1028 vereri

180 1053 422 1125 videris„
439 1053 676 1130 primum
692 1073 761 1110 ne
771 1052 943 1126 nolit,
956 1053 1153 1112 deinde
1170 1075 1241 1112 ne
1264 1071 1393 1114 tan·

180 1141 256 1201 ti.
297 1140 422 1198 Sica
437 1137 624 1197 aliter:
643 1136 744 1196 sed
769 1139 871 1196 tibi
898 1137 1178 1198 affentior.
1198 1160 1393 1218 quare,
1418 1189 1430 1196 .

179 1241 249 1284 ut
273 1227 323 1282 ei
349 1224 578 1303 placuit,
595 1221 772 1301 scripfi
797 1224 865 1282 ad
894 1229 1209 1300 Egnatium.
1238 1226 1393 1304 quod

179 1311 348 1370 Silius
367 1324 422 1368 te
443 1330 570 1370 cum
587 1308 787 1368 Clodio
814 1310 971 1390 loqui
985 1311 1126 1378 vultz
1158 1326 1317 1388 potes
1332 1312 1395 1371 id

179 1418 310 1460 mea
317 1395 610 1456 voluntate
625 1395 820 1454 facere:
833 1395 1284 1475 commodiusque
1297 1396 1397 1472 est,
1420 1445 1434 1455 ,

178 1487 385 1562 quim,
419 1479 574 1560 quod
605 1479 699 1539 ille
737 1502 770 1540 a
791 1501 879 1540 me
902 1484 1061 1561 petit,
1100 1502 1185 1541 me
1218 1481 1395 1562 ipsum
1425 1533 1433 1540 .

178 1568 424 1628 scribere
451 1567 520 1627 ad
537 1566 814 1627 Clodium.
858 1569 925 1626 de
940 1570 1229 1648 mancipiis
1263 1568 1430 1629 Cas-'‘-

182 1655 443 1714 tricianis
461 1695 482 1728 ,
527 1653 1017 1714 commodiffimum
1061 1655 1165 1714 effe
1191 1657 1359 1718 credo
1374 1699 1399 1731 ,
1427 1705 1439 1722 ‚

182 1738 491 1816 transigere
513 1742 832 1818 Egnatium:
856 1743 1010 1820 quod
1024 1739 1215 1802 scribis
1228 1757 1297 1802 ‘ce
1318 1744 1397 1803 ita
1423 1772 1435 1794 e

185 1826 448 1888 futurum
468 1842 689 1906 putare:
725 1849 852 1886 cum
870 1831 1031 1902 Ovia,
1049 1828 1251 1906 quaeso
1266 1829 1401 1887 vide
1426 1857 1439 1868 -

186 1928 258 1972 ut
279 1909 628 1972 conficiatur.
653 1917 943 1992 quoniam,
962 1930 1025 1971 ut
1046 1912 1259 1986 scribis,
1280 1933 1403 1972 nox

111 2005 124 2014 ‘
187 2013 336 2078 erat,
361 2000 424 2057 in
449 1998 716 2060 hodierna
726 1998 955 2081 epistola
968 1998 1125 2080 plura
1146 2004 1401 2078 expecto.
1432 2051 1439 2056 .

428 2191 686 2234 exculto
730 2193 995 2234 Αττῐοο
1034 2193 1183 2235 san.

113 2292 142 2337 3
159 2289 177 2326 1
291 2256 483 2318 silium
507 2259 731 2319 mutasse
744 2259 1067 2322 sententiam
1096 2263 1217 2321 Sica
1242 2263 1407 2320 mita·
1435 2296 1445 2302 -

202 2349 390 2406 batur.
414 2345 668 2422 equidem
689 2347 861 2424 magis
877 2350 1072 2420 miror,
1094 2347 1413 2427 quod,cum

199 2433 265 2490 in
289 2428 472 2488 -filium
511 2430 724 2490 causam
761 2433 1061 2507 conferret,
1102 2453 1243 2510 quae
1272 2431 1407 2490 mihi

199 2535 332 2578 non
345 2513 540 2594 injusta
555 2517 796 2589 videtur;
819 2515 1010 2586 (habet
1026 2521 1171 2600 enim
1188 2515 1412 2595 qqalem

761 2611 903 2683 13.
