1700 3084
317 179 436 233 AD
459 175 690 232 ATTI
713 175 899 233 CUM
920 179 1041 234 Lu.
1066 181 1198 238 XII.
1238 195 1351 258 573

133 271 343 334 mode.
387 273 458 334 de
496 275 798 336 Hortenfio
831 293 891 336 et
914 281 1198 358 virgime,
1222 299 1283 344 tu
1314 283 1355 346 fi

137 359 284 439 quid
305 359 580 421 dubitabis
599 385 616 420 ε
663 361 756 420 etfi
779 363 913 442 quid
928 369 1101 444 magis
1118 368 1352 447 placeat,

137 465 254 522 ego
267 463 538 524 quantum
551 446 780 528 aspicie,
807 470 925 509 non
946 452 1104 512 facile
1120 458 1353 516 invene·

137 533 248 592 ris.
291 539 436 591 Cum
460 532 712 607 Mustela,
728 538 1193 613 quemadmodum
1218 541 1350 603 scri·

137 617 380 695 bis,c1⁸1m
395 622 612 678 venerit
621 619 865 700 Crispus.
884 624 951 683 ad
968 627 1167 686 Aulum
1184 627 1354 710 scrip-

135 701 206 780 fi,
225 719 394 779 ntea,
408 725 550 784 quae
559 709 700 766 bene
712 707 919 769 nossem
942 711 1013 770 de
1026 733 1183 790 auro,
1202 713 1354 775 Piso·

135 792 206 849 ni
228 789 680 852 demonstrarem.
727 797 829 854 tibi
858 799 1007 856 enim
1028 797 1156 858 sane
1178 799 1352 863 assen-

137 878 248 954 tio,
265 891 330 936 et
362 875 502 936 istud
516 879 744 938 nimium
769 881 868 942 diu
902 884 1055 960 duci,
1078 900 1135 944 et
1162 890 1354 950 omnin

137 983 296 1023 nune
327 962 578 1042 undique
603 969 999 1029 contrahenda.
1046 985 1101 1031 te
1126 973 1351 1052 quidem

137 1049 283 1108 nihil
301 1053 482 1126 agere,
495 1051 632 1110 nihil
643 1055 885 1128 cogitare
895 1055 1064 1129 aliud,
1082 1057 1183 1118 nifi
1195 1059 1351 1137 quod

139 1135 209 1202 ad
220 1157 312 1195 me
324 1138 621 1213 pertineat,
634 1138 792 1197 facile
807 1139 939 1218 pers
928 1145 1095 1222 pido:
1109 1145 1353 1223 meisque

137 1225 390 1300 negotiis
411 1223 666 1302 impediri
709 1227 1063 1305 cupiditatem
1101 1245 1249 1289 tuam
1282 1231 1351 1291 ad

135 1327 228 1368 me
259 1308 549 1368 veniendi.
597 1308 684 1369 sed
714 1329 927 1371 mecum
962 1313 1067 1374 esse
1090 1330 1145 1376 te
1170 1331 1349 1396 puto3

133 1414 263 1454 non
275 1392 452 1454 solum
473 1389 622 1472 qubd
639 1415 812 1455 meam
827 1417 943 1458 rem
954 1403 1285 1477 agi³,verum
1296 1421 1355 1462 e-

131 1483 278 1540 tiam
287 1481 444 1559 quod
459 1481 648 1540 videre
655 1482 873 1558 videor,
890 1503 1005 1564 quo
1015 1487 1187 1548 modo
1202 1507 1353 1566 agas-

135 1587 330 1647 neque
349 1568 498 1626 enim
521 1568 632 1626 ulla
659 1571 798 1628 hora
819 1574 900 1629 tui
915 1576 1049 1634 mihi
1072 1572 1145 1633 est
1168 1577 1353 1656 operis

136 1654 366 1730 ignota.
427 1654 714 1714 Tubulum
745 1661 1060 1718 Praetorem
1088 1660 1253 1720 video
1280 1669 1350 1724 L.

137 1737 403 1812 Metello,
427 1746 500 1815 Q.
525 1743 776 1800 Maximo
807 1743 957 1804 Coff.
994 1765 1147 1806 nunc
1160 1747 1353 1824 velim,

138 1831 206 1885 P.
225 1824 493 1884 Scaevola
517 1826 779 1885 Pontifex
809 1833 1104 1905 maximus,
1154 1836 1355 1911 quibus

139 1907 301 1972 Coss'.
335 1911 628 1971 Tribunus
679 1913 877 1992 plebis.
924 1917 1177 1996 equidem
1214 1933 1355 1998 puto

138 1999 448 2078 proximis,
473 2002 755 2076 Caepione
783 2017 842 2060 et
864 2006 1151 2080 Pompeio.
1198 2023 1355 2084 prae-

139 2099 242 2143 tor
271 2085 424 2142 enim
466 2091 527 2144 P.
553 2087 744 2159 Furio,
790 2093 921 2148 Sex.
946 2089 1160 2148 Atilioz
1200 2090 1355 2151 dabis

139 2171 320 2248 igitur
343 2171 742 2247 Tribunatum,
753 2189 829 2248 et,
847 2171 884 2232 fi
903 2177 1137 2253 poteria,
1152 2179 1353 2238 Tubu·

144 2255 235 2314 lus
253 2275 368 2335 quo
393 2258 644 2316 crimine.
671 2272 728 2316 et
742 2259 889 2334 vide,
912 2260 1135 2340 quaeso,
1156 2268 1227 2322 L.
1256 2265 1355 2322 Li·

143 2342 247 2416 bo,
270 2339 366 2399 ille
381 2341 562 2419 quide
590 2349 704 2402 Ser.
725 2345 923 2420 Galba,
952 2344 1358 2423 Censorindne,

147 2441 207 2486 et
239 2425 499 2503 Manilio,
535 2449 611 2487 an
634 2435 714 2490 T.
751 2431 1016 2507 Quintio,
1052 2435 1137 2492 Μ’
1171 2432 1357 2492 Acilio

149 2509 306 2574 coff.
324 2515 618 2576 Tribunus
635 2514 808 2597 plebis
825 2515 1011 2577 fuerit.
1060 2518 1361 2578 conturbat
