<?xml version="1.0" encoding="UTF-8"?>
<!DOCTYPE html PUBLIC "-//W3C//DTD XHTML 1.0 Transitional//EN"
    "http://www.w3.org/TR/xhtml1/DTD/xhtml1-transitional.dtd">
<html xmlns="http://www.w3.org/1999/xhtml" xml:lang="en" lang="en">
 <head>
  <title>
</title>
<meta http-equiv="Content-Type" content="text/html;charset=utf-8" />
  <meta name='ocr-system' content='tesseract 3.04.00' />
  <meta name='ocr-capabilities' content='ocr_page ocr_carea ocr_par ocr_line ocrx_word'/>
</head>
<body>
  <div class='ocr_page' id='page_1' title='image "./mtulliiciceroni02unkngoog_0323.png"; bbox 0 0 1700 3084; ppageno 0'>
   <div class='ocr_carea' id='block_1_1' title="bbox 314 199 1397 274">
    <p class='ocr_par' dir='ltr' id='par_1_1' title="bbox 314 199 1397 274">
     <span class='ocr_line' id='line_1_1' title="bbox 314 199 1397 274; baseline 0.003 -16"><span class='ocrx_word' id='word_1_1' title='bbox 314 203 434 272; x_wconf 80' lang='lat' dir='ltr'>AD</span> <span class='ocrx_word' id='word_1_2' title='bbox 476 199 1047 260; x_wconf 75' lang='lat' dir='ltr'>ATTmtJMLm.</span> <span class='ocrx_word' id='word_1_3' title='bbox 1076 207 1239 260; x_wconf 81' lang='lat' dir='ltr'>XIV.</span> <span class='ocrx_word' id='word_1_4' title='bbox 1290 217 1397 274; x_wconf 76' lang='lat'>721</span> 
     </span>
    </p>
   </div>
   <div class='ocr_carea' id='block_1_2' title="bbox 147 297 1451 2270">
    <p class='ocr_par' dir='ltr' id='par_1_2' title="bbox 147 297 1406 1580">
     <span class='ocr_line' id='line_1_2' title="bbox 213 297 1401 382; baseline 0.004 -23"><span class='ocrx_word' id='word_1_5' title='bbox 213 297 237 334; x_wconf 83' lang='lat'>‘</span> <span class='ocrx_word' id='word_1_6' title='bbox 260 300 412 380; x_wconf 82' lang='lat' dir='ltr'>liqna</span> <span class='ocrx_word' id='word_1_7' title='bbox 428 299 643 381; x_wconf 80' lang='lat' dir='ltr'>sperare</span> <span class='ocrx_word' id='word_1_8' title='bbox 655 304 723 361; x_wconf 84' lang='lat' dir='ltr'>ab</span> <span class='ocrx_word' id='word_1_9' title='bbox 741 305 1044 363; x_wconf 85' lang='lat' dir='ltr'>Antonio.&#39;</span> <span class='ocrx_word' id='word_1_10' title='bbox 1068 304 1107 363; x_wconf 87' lang='grc' dir='ltr'>ὁ</span> <span class='ocrx_word' id='word_1_11' title='bbox 1128 301 1401 382; x_wconf 80' lang='lat' dir='ltr'>perditum</span> 
     </span>
     <span class='ocr_line' id='line_1_3' title="bbox 205 385 1398 458; baseline 0.001 -13"><span class='ocrx_word' id='word_1_12' title='bbox 205 387 510 446; x_wconf 81' lang='lat' dir='ltr'>hominem!</span> <span class='ocrx_word' id='word_1_13' title='bbox 548 385 640 446; x_wconf 86' lang='lat' dir='ltr'>sed</span> <span class='ocrx_word' id='word_1_14' title='bbox 666 397 865 458; x_wconf 57' lang='grc' dir='ltr'>μελίη.</span> <span class='ocrx_word' id='word_1_15' title='bbox 910 389 979 448; x_wconf 77' lang='lat' dir='ltr'>ad</span> <span class='ocrx_word' id='word_1_16' title='bbox 1005 395 1235 448; x_wconf 86' lang='lat' dir='ltr'>Brutum</span> <span class='ocrx_word' id='word_1_17' title='bbox 1266 387 1398 448; x_wconf 81' lang='lat' dir='ltr'>nos-</span> 
     </span>
     <span class='ocr_line' id='line_1_4' title="bbox 204 471 1402 554; baseline 0.001 -23"><span class='ocrx_word' id='word_1_18' title='bbox 204 485 375 547; x_wconf 86' lang='lat' dir='ltr'>trum,</span> <span class='ocrx_word' id='word_1_19' title='bbox 401 472 471 531; x_wconf 84' lang='lat' dir='ltr'>ad</span> <span class='ocrx_word' id='word_1_20' title='bbox 498 473 752 548; x_wconf 68' lang='lat' dir='ltr'>Camurti,</span> <span class='ocrx_word' id='word_1_21' title='bbox 792 473 860 533; x_wconf 84' lang='lat' dir='ltr'>ad</span> <span class='ocrx_word' id='word_1_22' title='bbox 884 474 1225 534; x_wconf 81' lang='lat' dir='ltr'>Dolabellam</span> <span class='ocrx_word' id='word_1_23' title='bbox 1262 471 1402 554; x_wconf 87' lang='lat' dir='ltr'>epis-</span> 
     </span>
     <span class='ocr_line' id='line_1_5' title="bbox 205 555 1402 641; baseline 0.002 -25"><span class='ocrx_word' id='word_1_24' title='bbox 205 555 350 616; x_wconf 80' lang='lat' dir='ltr'>tolas</span> <span class='ocrx_word' id='word_1_25' title='bbox 381 555 575 636; x_wconf 82' lang='lat' dir='ltr'>scripfi.</span> <span class='ocrx_word' id='word_1_26' title='bbox 620 580 806 619; x_wconf 82' lang='lat' dir='ltr'>earum</span> <span class='ocrx_word' id='word_1_27' title='bbox 841 559 1093 641; x_wconf 84' lang='lat' dir='ltr'>exempla</span> <span class='ocrx_word' id='word_1_28' title='bbox 1126 562 1225 620; x_wconf 88' lang='lat' dir='ltr'>tibi</span> <span class='ocrx_word' id='word_1_29' title='bbox 1260 559 1402 636; x_wconf 84' lang='lat' dir='ltr'>mifi,</span> 
     </span>
     <span class='ocr_line' id='line_1_6' title="bbox 204 643 1404 722; baseline 0.003 -21"><span class='ocrx_word' id='word_1_30' title='bbox 204 663 324 702; x_wconf 82' lang='lat' dir='ltr'>non</span> <span class='ocrx_word' id='word_1_31' title='bbox 339 658 403 702; x_wconf 87' lang='lat' dir='ltr'>ut</span> <span class='ocrx_word' id='word_1_32' title='bbox 419 643 774 704; x_wconf 80' lang='lat' dir='ltr'>deliberarem</span> <span class='ocrx_word' id='word_1_33' title='bbox 799 643 1179 705; x_wconf 82' lang='lat' dir='ltr'>reddendaene</span> <span class='ocrx_word' id='word_1_34' title='bbox 1209 643 1404 722; x_wconf 62' lang='lat' dir='ltr'>effent4</span> 
     </span>
     <span class='ocr_line' id='line_1_7' title="bbox 205 725 1403 808; baseline 0.004 -22"><span class='ocrx_word' id='word_1_35' title='bbox 205 725 396 807; x_wconf 78' lang='lat' dir='ltr'>(plane</span> <span class='ocrx_word' id='word_1_36' title='bbox 424 730 574 786; x_wconf 86' lang='lat' dir='ltr'>enim</span> <span class='ocrx_word' id='word_1_37' title='bbox 591 728 782 804; x_wconf 86' lang='lat' dir='ltr'>judico</span> <span class='ocrx_word' id='word_1_38' title='bbox 811 727 915 788; x_wconf 78' lang='lat' dir='ltr'>effe</span> <span class='ocrx_word' id='word_1_39' title='bbox 948 731 1277 808; x_wconf 83' lang='lat' dir='ltr'>reddendas)</span> <span class='ocrx_word' id='word_1_40' title='bbox 1313 729 1403 791; x_wconf 86' lang='lat' dir='ltr'>sed</span> 
     </span>
     <span class='ocr_line' id='line_1_8' title="bbox 203 813 1406 894; baseline 0.004 -22"><span class='ocrx_word' id='word_1_41' title='bbox 203 813 356 892; x_wconf 86' lang='lat' dir='ltr'>quod</span> <span class='ocrx_word' id='word_1_42' title='bbox 381 833 501 872; x_wconf 85' lang='lat' dir='ltr'>non</span> <span class='ocrx_word' id='word_1_43' title='bbox 525 814 744 889; x_wconf 88' lang='lat' dir='ltr'>dubito,</span> <span class='ocrx_word' id='word_1_44' title='bbox 777 815 917 894; x_wconf 85' lang='lat' dir='ltr'>quin</span> <span class='ocrx_word' id='word_1_45' title='bbox 952 831 1015 876; x_wconf 88' lang='lat' dir='ltr'>tu</span> <span class='ocrx_word' id='word_1_46' title='bbox 1043 818 1189 878; x_wconf 88' lang='lat' dir='ltr'>idem</span> <span class='ocrx_word' id='word_1_47' title='bbox 1220 817 1406 877; x_wconf 83' lang='lat' dir='ltr'>existi·</span> 
     </span>
     <span class='ocr_line' id='line_1_9' title="bbox 202 897 1402 980; baseline 0.005 -23"><span class='ocrx_word' id='word_1_48' title='bbox 202 914 451 958; x_wconf 81' lang='lat' dir='ltr'>maturus</span> <span class='ocrx_word' id='word_1_49' title='bbox 481 897 572 960; x_wconf 76' lang='lat' dir='ltr'>fis·</span> <span class='ocrx_word' id='word_1_50' title='bbox 621 903 881 960; x_wconf 84' lang='lat' dir='ltr'>Ciceroni</span> <span class='ocrx_word' id='word_1_51' title='bbox 916 922 1066 978; x_wconf 88' lang='lat' dir='ltr'>meo,</span> <span class='ocrx_word' id='word_1_52' title='bbox 1091 907 1166 963; x_wconf 88' lang='lat' dir='ltr'>mi</span> <span class='ocrx_word' id='word_1_53' title='bbox 1189 904 1402 980; x_wconf 84' lang='lat' dir='ltr'>Attice,</span> 
     </span>
     <span class='ocr_line' id='line_1_10' title="bbox 202 983 1403 1070; baseline 0.003 -26"><span class='ocrx_word' id='word_1_54' title='bbox 202 983 571 1066; x_wconf 82' lang='lat' dir='ltr'>suppeditabis</span> <span class='ocrx_word' id='word_1_55' title='bbox 587 1001 861 1066; x_wconf 84' lang='lat' dir='ltr'>quantum</span> <span class='ocrx_word' id='word_1_56' title='bbox 883 987 1179 1066; x_wconf 82' lang='lat' dir='ltr'>videbitur,</span> <span class='ocrx_word' id='word_1_57' title='bbox 1200 1009 1403 1070; x_wconf 81' lang='lat' dir='ltr'>meque</span> 
     </span>
     <span class='ocr_line' id='line_1_11' title="bbox 203 1072 1402 1154; baseline 0.005 -24"><span class='ocrx_word' id='word_1_58' title='bbox 203 1072 310 1130; x_wconf 90' lang='lat' dir='ltr'>hoc</span> <span class='ocrx_word' id='word_1_59' title='bbox 324 1073 426 1132; x_wconf 87' lang='lat' dir='ltr'>tibi</span> <span class='ocrx_word' id='word_1_60' title='bbox 441 1093 586 1132; x_wconf 81' lang='lat' dir='ltr'>onus</span> <span class='ocrx_word' id='word_1_61' title='bbox 601 1075 887 1153; x_wconf 82' lang='lat' dir='ltr'>imponere</span> <span class='ocrx_word' id='word_1_62' title='bbox 899 1076 1121 1152; x_wconf 83' lang='lat' dir='ltr'>patiere.</span> <span class='ocrx_word' id='word_1_63' title='bbox 1147 1094 1288 1154; x_wconf 89' lang='lat' dir='ltr'>quae</span> <span class='ocrx_word' id='word_1_64' title='bbox 1304 1075 1402 1136; x_wconf 84' lang='lat' dir='ltr'>ad·</span> 
     </span>
     <span class='ocr_line' id='line_1_12' title="bbox 187 1156 1403 1236; baseline 0.007 -23"><span class='ocrx_word' id='word_1_65' title='bbox 187 1159 312 1216; x_wconf 80' lang='lat' dir='ltr'>‚huc</span> <span class='ocrx_word' id='word_1_66' title='bbox 327 1156 515 1234; x_wconf 85' lang='lat' dir='ltr'>fecisti,</span> <span class='ocrx_word' id='word_1_67' title='bbox 537 1161 672 1220; x_wconf 84' lang='lat' dir='ltr'>mihi</span> <span class='ocrx_word' id='word_1_68' title='bbox 695 1156 824 1218; x_wconf 88' lang='lat' dir='ltr'>sunt</span> <span class='ocrx_word' id='word_1_69' title='bbox 844 1160 1154 1236; x_wconf 84' lang='lat' dir='ltr'>gratiffima.</span> <span class='ocrx_word' id='word_1_70' title='bbox 1200 1161 1403 1222; x_wconf 84' lang='lat' dir='ltr'>librum</span> 
     </span>
     <span class='ocr_line' id='line_1_13' title="bbox 147 1241 1403 1323; baseline 0.002 -19"><span class='ocrx_word' id='word_1_71' title='bbox 147 1300 151 1304; x_wconf 89' lang='lat'>.</span> <span class='ocrx_word' id='word_1_72' title='bbox 202 1261 386 1302; x_wconf 83' lang='lat' dir='ltr'>meum</span> <span class='ocrx_word' id='word_1_73' title='bbox 409 1241 564 1302; x_wconf 89' lang='lat' dir='ltr'>illum</span> <span class='ocrx_word' id='word_1_74' title='bbox 583 1250 811 1303; x_wconf 61' lang='lat' dir='ltr'>ozn&#39;xsorov</span> <span class='ocrx_word' id='word_1_75' title='bbox 846 1246 1121 1321; x_wconf 84' lang='lat' dir='ltr'>nondum,</span> <span class='ocrx_word' id='word_1_76' title='bbox 1148 1261 1211 1305; x_wconf 89' lang='lat' dir='ltr'>ut</span> <span class='ocrx_word' id='word_1_77' title='bbox 1225 1248 1403 1323; x_wconf 85' lang='lat' dir='ltr'>volui,</span> 
     </span>
     <span class='ocr_line' id='line_1_14' title="bbox 202 1328 1401 1409; baseline 0.004 -23"><span class='ocrx_word' id='word_1_78' title='bbox 202 1328 498 1408; x_wconf 83' lang='lat' dir='ltr'>perpolivi.</span> <span class='ocrx_word' id='word_1_79' title='bbox 517 1328 610 1387; x_wconf 86' lang='lat' dir='ltr'>ista</span> <span class='ocrx_word' id='word_1_80' title='bbox 624 1349 784 1404; x_wconf 86' lang='lat' dir='ltr'>vero,</span> <span class='ocrx_word' id='word_1_81' title='bbox 801 1351 943 1409; x_wconf 87' lang='lat' dir='ltr'>quae</span> <span class='ocrx_word' id='word_1_82' title='bbox 960 1346 1019 1388; x_wconf 87' lang='lat' dir='ltr'>tu</span> <span class='ocrx_word' id='word_1_83' title='bbox 1044 1334 1273 1391; x_wconf 85' lang='lat' dir='ltr'>contexi</span> <span class='ocrx_word' id='word_1_84' title='bbox 1292 1336 1401 1408; x_wconf 83' lang='lat' dir='ltr'>vis,</span> 
     </span>
     <span class='ocr_line' id='line_1_15' title="bbox 203 1413 1401 1495; baseline 0.003 -23"><span class='ocrx_word' id='word_1_85' title='bbox 203 1413 351 1472; x_wconf 77' lang='lat' dir='ltr'>aliud</span> <span class='ocrx_word' id='word_1_86' title='bbox 371 1414 653 1491; x_wconf 86' lang='lat' dir='ltr'>quoddam</span> <span class='ocrx_word' id='word_1_87' title='bbox 676 1413 976 1495; x_wconf 82' lang='lat' dir='ltr'>separatum</span> <span class='ocrx_word' id='word_1_88' title='bbox 1007 1416 1269 1476; x_wconf 86' lang='lat' dir='ltr'>volumen</span> <span class='ocrx_word' id='word_1_89' title='bbox 1301 1438 1401 1476; x_wconf 79' lang='lat' dir='ltr'>ex·</span> 
     </span>
     <span class='ocr_line' id='line_1_16' title="bbox 203 1499 1401 1580; baseline 0.004 -23"><span class='ocrx_word' id='word_1_90' title='bbox 203 1503 444 1577; x_wconf 59' lang='lat' dir='ltr'>pectant.</span> <span class='ocrx_word' id='word_1_91' title='bbox 486 1519 590 1577; x_wconf 87' lang='lat' dir='ltr'>ego</span> <span class='ocrx_word' id='word_1_92' title='bbox 608 1516 786 1560; x_wconf 84' lang='lat' dir='ltr'>autem</span> <span class='ocrx_word' id='word_1_93' title='bbox 807 1499 1023 1571; x_wconf 82' lang='lat' dir='ltr'>(credas</span> <span class='ocrx_word' id='word_1_94' title='bbox 1055 1505 1189 1561; x_wconf 83' lang='lat' dir='ltr'>mihi</span> <span class='ocrx_word' id='word_1_95' title='bbox 1205 1502 1401 1580; x_wconf 87' lang='lat' dir='ltr'>velim)</span> 
     </span>
    </p>

    <p class='ocr_par' dir='ltr' id='par_1_3' title="bbox 197 1579 1451 2270">
     <span class='ocr_line' id='line_1_17' title="bbox 201 1579 1451 1665; baseline 0.005 -22"><span class='ocrx_word' id='word_1_96' title='bbox 201 1587 420 1645; x_wconf 84' lang='lat' dir='ltr'>minore</span> <span class='ocrx_word' id='word_1_97' title='bbox 460 1585 707 1665; x_wconf 86' lang='lat' dir='ltr'>periculo</span> <span class='ocrx_word' id='word_1_98' title='bbox 745 1586 995 1646; x_wconf 83' lang='lat' dir='ltr'>existimo</span> <span class='ocrx_word' id='word_1_99' title='bbox 1026 1603 1227 1649; x_wconf 80' lang='lat' dir='ltr'>contra</span> <span class='ocrx_word' id='word_1_100' title='bbox 1272 1589 1397 1649; x_wconf 81' lang='lat' dir='ltr'>illas</span> <span class='ocrx_word' id='word_1_101' title='bbox 1432 1579 1451 1590; x_wconf 60' lang='lat'><strong>⁶</strong></span> 
     </span>
     <span class='ocr_line' id='line_1_18' title="bbox 203 1671 1396 1755; baseline 0.003 -23"><span class='ocrx_word' id='word_1_102' title='bbox 203 1671 438 1732; x_wconf 80' lang='lat' dir='ltr'>nefarias</span> <span class='ocrx_word' id='word_1_103' title='bbox 453 1689 658 1751; x_wconf 69' lang='lat' dir='ltr'>panea,</span> <span class='ocrx_word' id='word_1_104' title='bbox 687 1674 822 1734; x_wconf 83' lang='lat' dir='ltr'>vivo</span> <span class='ocrx_word' id='word_1_105' title='bbox 852 1690 1121 1753; x_wconf 78' lang='lat' dir='ltr'>tyranne,</span> <span class='ocrx_word' id='word_1_106' title='bbox 1161 1674 1271 1735; x_wconf 89' lang='lat' dir='ltr'>dici</span> <span class='ocrx_word' id='word_1_107' title='bbox 1294 1697 1396 1755; x_wconf 89' lang='lat' dir='ltr'>po·</span> 
     </span>
     <span class='ocr_line' id='line_1_19' title="bbox 203 1755 1397 1838; baseline 0.003 -22"><span class='ocrx_word' id='word_1_108' title='bbox 203 1755 380 1832; x_wconf 79' lang='lat' dir='ltr'>tuiffe,</span> <span class='ocrx_word' id='word_1_109' title='bbox 405 1762 570 1838; x_wconf 62' lang='lat' dir='ltr'>quim</span> <span class='ocrx_word' id='word_1_110' title='bbox 597 1775 844 1820; x_wconf 84' lang='lat' dir='ltr'>mortuo:</span> <span class='ocrx_word' id='word_1_111' title='bbox 893 1759 987 1818; x_wconf 89' lang='lat' dir='ltr'>ille</span> <span class='ocrx_word' id='word_1_112' title='bbox 1026 1763 1171 1820; x_wconf 89' lang='lat' dir='ltr'>enim</span> <span class='ocrx_word' id='word_1_113' title='bbox 1212 1759 1397 1821; x_wconf 86' lang='lat' dir='ltr'>nescio</span> 
     </span>
     <span class='ocr_line' id='line_1_20' title="bbox 202 1844 1396 1923; baseline 0.005 -23"><span class='ocrx_word' id='word_1_114' title='bbox 202 1863 318 1922; x_wconf 85' lang='lat' dir='ltr'>quo</span> <span class='ocrx_word' id='word_1_115' title='bbox 341 1848 502 1921; x_wconf 70' lang='lat' dir='ltr'>padio</span> <span class='ocrx_word' id='word_1_116' title='bbox 528 1844 737 1903; x_wconf 86' lang='lat' dir='ltr'>ferebat</span> <span class='ocrx_word' id='word_1_117' title='bbox 775 1865 863 1904; x_wconf 87' lang='lat' dir='ltr'>me</span> <span class='ocrx_word' id='word_1_118' title='bbox 886 1847 1109 1923; x_wconf 88' lang='lat' dir='ltr'>quidem</span> <span class='ocrx_word' id='word_1_119' title='bbox 1128 1848 1396 1906; x_wconf 61' lang='lat' dir='ltr'>mirabilia</span> 
     </span>
     <span class='ocr_line' id='line_1_21' title="bbox 205 1936 1397 2007; baseline 0.003 -21"><span class='ocrx_word' id='word_1_120' title='bbox 205 1944 314 1987; x_wconf 89' lang='lat' dir='ltr'>ter.</span> <span class='ocrx_word' id='word_1_121' title='bbox 361 1949 536 2002; x_wconf 86' lang='lat' dir='ltr'>nune,</span> <span class='ocrx_word' id='word_1_122' title='bbox 574 1947 908 2007; x_wconf 86' lang='lat' dir='ltr'>quacunque</span> <span class='ocrx_word' id='word_1_123' title='bbox 946 1951 1053 1990; x_wconf 86' lang='lat' dir='ltr'>nos</span> <span class='ocrx_word' id='word_1_124' title='bbox 1088 1936 1397 1991; x_wconf 73' lang='lat' dir='ltr'>commovi-</span> 
     </span>
     <span class='ocr_line' id='line_1_22' title="bbox 199 2013 1396 2091; baseline 0.006 -20"><span class='ocrx_word' id='word_1_125' title='bbox 199 2033 347 2086; x_wconf 83' lang='lat' dir='ltr'>mus,</span> <span class='ocrx_word' id='word_1_126' title='bbox 377 2013 446 2072; x_wconf 84' lang='lat' dir='ltr'>ad</span> <span class='ocrx_word' id='word_1_127' title='bbox 469 2014 710 2073; x_wconf 82' lang='lat' dir='ltr'>Caesaris</span> <span class='ocrx_word' id='word_1_128' title='bbox 729 2015 848 2074; x_wconf 84' lang='lat' dir='ltr'>non</span> <span class='ocrx_word' id='word_1_129' title='bbox 866 2016 1036 2075; x_wconf 84' lang='lat' dir='ltr'>modo</span> <span class='ocrx_word' id='word_1_130' title='bbox 1050 2021 1188 2091; x_wconf 66' lang='lat' dir='ltr'>acia,</span> <span class='ocrx_word' id='word_1_131' title='bbox 1203 2037 1396 2078; x_wconf 84' lang='lat' dir='ltr'>verum</span> 
     </span>
     <span class='ocr_line' id='line_1_23' title="bbox 197 2102 1395 2179; baseline 0.005 -21"><span class='ocrx_word' id='word_1_132' title='bbox 197 2102 365 2158; x_wconf 80' lang='lat' dir='ltr'>etiam</span> <span class='ocrx_word' id='word_1_133' title='bbox 381 2102 620 2178; x_wconf 81' lang='lat' dir='ltr'>cogitata</span> <span class='ocrx_word' id='word_1_134' title='bbox 641 2121 980 2162; x_wconf 85' lang='lat' dir='ltr'>revocamur.</span> <span class='ocrx_word' id='word_1_135' title='bbox 1014 2102 1081 2160; x_wconf 89' lang='lat' dir='ltr'>de</span> <span class='ocrx_word' id='word_1_136' title='bbox 1099 2109 1395 2179; x_wconf 83' lang='lat' dir='ltr'>Montano,</span> 
     </span>
     <span class='ocr_line' id='line_1_24' title="bbox 200 2187 1395 2270; baseline 0.007 -27"><span class='ocrx_word' id='word_1_137' title='bbox 200 2188 466 2265; x_wconf 87' lang='lat' dir='ltr'>quoniam</span> <span class='ocrx_word' id='word_1_138' title='bbox 485 2187 728 2246; x_wconf 83' lang='lat' dir='ltr'>Flamma</span> <span class='ocrx_word' id='word_1_139' title='bbox 757 2191 947 2262; x_wconf 79' lang='lat' dir='ltr'>venit,</span> <span class='ocrx_word' id='word_1_140' title='bbox 970 2189 1208 2250; x_wconf 65' lang='lat' dir='ltr'>videbis».</span> <span class='ocrx_word' id='word_1_141' title='bbox 1256 2205 1395 2270; x_wconf 82' lang='lat' dir='ltr'>puto</span> 
     </span>
    </p>
   </div>
   <div class='ocr_carea' id='block_1_3' title="bbox 41 2257 1044 2336">
    <p class='ocr_par' dir='ltr' id='par_1_4' title="bbox 41 2257 1044 2336">
     <span class='ocr_line' id='line_1_25' title="bbox 41 2257 1044 2336; baseline 0.006 -8"><span class='ocrx_word' id='word_1_142' title='bbox 41 2257 54 2321; x_wconf 62' lang='grc' dir='ltr'>ζ</span> <span class='ocrx_word' id='word_1_143' title='bbox 118 2267 126 2274; x_wconf 76' lang='grc'><strong>’</strong></span> <span class='ocrx_word' id='word_1_144' title='bbox 200 2291 314 2332; x_wconf 85' lang='lat' dir='ltr'>rem</span> <span class='ocrx_word' id='word_1_145' title='bbox 330 2273 553 2334; x_wconf 87' lang='lat' dir='ltr'>meliore</span> <span class='ocrx_word' id='word_1_146' title='bbox 567 2273 696 2334; x_wconf 90' lang='lat' dir='ltr'>loco</span> <span class='ocrx_word' id='word_1_147' title='bbox 711 2271 814 2335; x_wconf 78' lang='lat' dir='ltr'>effi:</span> <span class='ocrx_word' id='word_1_148' title='bbox 829 2273 1044 2336; x_wconf 89' lang='lat' dir='ltr'>debere.</span> 
     </span>
    </p>
   </div>
   <div class='ocr_carea' id='block_1_4' title="bbox 729 2620 869 2680">
    <p class='ocr_par' dir='ltr' id='par_1_5' title="bbox 729 2620 869 2680">
     <span class='ocr_line' id='line_1_26' title="bbox 729 2620 869 2680; baseline 0.014 -2"><span class='ocrx_word' id='word_1_149' title='bbox 729 2620 869 2680; x_wconf 83' lang='lat'>02</span> 
     </span>
    </p>
   </div>
  </div>
 </body>
</html>
