1700 3084
345 179 468 236 AD
495 175 937 234 ATTICUM
968 179 1087 233 Lm.
1138 179 1241 233 XI.
1284 191 1393 248 527

179 279 280 341 dia
295 299 419 339 non
432 273 660 339 venisse.
703 275 915 336 videbis
942 296 1078 354 ergo
1108 291 1171 335 ut
1194 273 1398 336 susten-

183 383 338 426 tetur
369 386 466 444 per
503 380 578 423 te.
626 363 698 422 de
719 359 1009 438 Frusinati,
1046 363 1085 422 fi
1110 359 1279 422 modo
1309 361 1397 422 fu·

185 454 301 512 turi
346 451 556 526 sumuS,
601 451 711 508 erit
747 451 880 507 mihi
918 469 1005 507 res
1051 455 1393 528 opportuna.

183 558 341 599 meas
363 537 554 596 literas
578 534 734 614 quod
751 535 1005 613 nquit-iz,
1022 535 1293 614 impedior
1310 538 1399 596 in·

181 626 322 704 opia
362 643 570 695 rerum,
613 641 752 699 quas
791 619 967 680 nullas
1006 624 1179 680 habeo
1222 621 1399 682 literis

181 711 386 788 dignas
407 732 426 782 ;
491 710 692 787 quippe
715 708 806 765 cui
835 727 941 766 nec
966 727 1104 787 quae
1120 707 1400 784 accidunt,

183 817 319 871 nec,
342 815 487 874 quae
509 809 769 872 aguntur,
807 792 927 852 ullo
952 794 1123 853 modo
1152 796 1401 874 proben-

185 898 306 943 tur.
353 884 570 942 utinam
592 899 780 940 coram
813 892 993 940 tecum
1020 879 1157 940 'olim
1190 883 1401 960 potius,

183 989 360 1048 quam
387 988 481 1048 per
497 965 768 1046 epistolas.
815 965 1047 1038 hicum,
1079 983 1139 1024 ut
1160 965 1401 1046 possum,

186 1071 356 1116 tueor
370 1054 516 1133 apud
545 1055 674 1112 hos·
719 1067 934 1114 caetera
959 1052 1137 1113 Celer.
1184 1050 1295 1133 ipse
1308 1053 1401 1114 fu-

185 1144 246 1220 gi
278 1139 460 1199 adhuc
475 1160 642 1198 omne
661 1158 887 1214 munim,
916 1160 983 1197 eo
1015 1140 1212 1216 magis,
1244 1139 1400 1218 quod

185 1231 268 1288 ita
291 1226 436 1286 nihil
452 1227 808 1305 poterat·agi‚
841 1241 903 1284 ut
927 1227 1059 1284 mihi
1084 1241 1137 1283 et
1160 1228 1296 1284 meis
1314 1247 1399 1286 re-

188 1317 296 1374 bus
319 1327 512 1392 aptum
541 1311 692 1370 esset.
737 1310 875 1389 quid
911 1310 974 1370 fit
999 1309 1204 1389 gestum
1236 1314 1398 1387 novi,

183 1401 528 1480 quaerisz-ex
553 1397 763 1456 Isidoro
786 1394 921 1455 stite
938 1400 1163 1475 poteris:
1192 1399 1403 1478 reliqua

191 1507 317 1546 non
348 1485 612 1544 videntur
639 1481 750 1542 <effe
769 1483 1101 1543 difficiliora.
1126 1499 1209 1551 ‚tu
1231 1485 1283 1544 id
1304 1505 1400 1549 ve-

189 1572 316 1646 lim,
339 1570 494 1650 quod
519 1569 619 1629 scis
650 1589 736 1628 me
763 1571 1003 1630 maxime
1032 1569 1193 1642 velle,
1218 1592 1401 1646 cures,

188 1672 258 1717 ut
272 1656 486 1730 stribis5
501 1673 564 1715 ut
585 1655 740 1716 facis.
787 1677 877 1714 me
892 1656 1119 1715 conficit
1134 1655 1398 1720 sollicita·
1494 1707 1501 1714 .

185 1744 296 1818 do,
317 1765 390 1804 ex
408 1764 528 1822 qua
543 1745 706 1802 etiam
738 1740 944 1802 summa
966 1741 1256 1802 infirmitas
1273 1765 1399 1803 cor·-
1436 1745 1455 1770 ⁸
1482 1753 1491 1760 ’

191 1831 372 1912 poris:
391 1849 516 1908 ·qua
539 1831 746 1903 levata,
777 1849 877 1888 ero
902 1850 1011 1888 una
1041 1850 1165 1888 cum
1194 1849 1263 1889 eo
1300 1832 1401 1910 qui

191 1919 484 1994 negotium
530 1917 693 1993 gerit,
733 1913 918 1994 estque
945 1917 1007 1973 in
1038 1912 1129 1993 spe
1171 1937 1397 1994 magna.

193 2009 402 2062 Brutus
426 2002 632 2062 amicus
655 2002 714 2060 in
735 1999 895 2060 causa
913 1999 1154 2061 versatur
1176 2005 1393 2064 acriter.

191 2092 460 2148 hactenus
504 2087 632 2161 fuit,
685 2087 834 2165 quod
876 2103 1033 2146 caute
1064 2108 1095 2144 a
1124 2107 1209 2146 me
1240 2085 1397 2150 scribi

187 2172 390 2256 posset.
435 2173 579 2234 vale.
624 2173 690 2233 de
706 2173 966 2252 penfione
985 2173 1174 2244 altera,
1196 2195 1299 2234 oro
1318 2193 1396 2251 te,

189 2264 356 2321 omni
376 2281 506 2321 cura
521 2257 802 2320 considera
817 2260 953 2340 quid
968 2258 1275 2320 faciendum
1304 2260 1397 2339 fit,

187 2361 258 2408 ut
277 2345 460 2430 scripsi
480 2349 550 2408 iis
572 2345 772 2422 literis,
791 2366 933 2427 quas
948 2345 1143 2408 Pollex
1156 2346 1304 2408 tulit.

793 2607 838 2664 P
