1700 3084
276 152 995 210 ADATTICUMLm.
1028 155 1158 210 x11.
1204 165 1319 227 595
1370 194 1397 216 .-

110 265 316 324 meque
335 249 440 306 hac
463 247 531 306 ad
551 249 1211 325 maximas·aegritudines
1226 271 1321 309 ac-

113 334 350 394 ceffione
373 354 524 392 nunc
547 335 786 392 maxima
801 335 990 394 libera.
1034 351 1093 394 et
1108 350 1171 393 ut
1184 335 1321 394 scias

113 440 206 479 me
259 419 340 476 ita
367 418 575 490 dolere,
609 433 670 478 ut
697 439 814 476 non
845 421 1089 496 jaceam:
1122 423 1325 499 quibus

113 502 436 564 consulibus
455 505 785 577 Carneades,
817 522 875 563 et
904 527 966 563 ea
980 504 1179 581 legatio
1208 512 1325 565 Ro-

117 609 267 650 mam
287 591 522 664 venerit,
538 587 796 668 scriptum
811 591 887 649 est
912 594 969 648 in
998 607 1096 650 tuo
1110 591 1323 652 annali.

116 677 252 736 haec
269 695 420 736 nunc
435 695 665 754 quaero,
686 696 824 752 quae
841 675 997 735 causa
1010 676 1173 735 fuerit
1192 700 1209 736 ε
1256 678 1327 738 de

125 771 348 839 Oropo,
365 763 596 840 opium-3
621 760 706 819 sed
721 779 933 820 certum
948 761 1133 822 nescio
1148 785 1163 820 ε
1188 778 1266 838 et,
1286 761 1329 823 fi

119 849 200 906 ita
235 845 333 921 est,
383 863 525 924 quae
561 846 963 906 controverfiae
977 869 995 905 z
1030 855 1329 926 praeterea,

121 935 222 1012 qui
247 953 316 992 eo
333 947 578 1011 tempore
599 935 808 991 nobilis
827 935 1129 1008 Epicureus
1160 933 1331 994 fuerit

122 1017 389 1092 Athenis„
413 1021 507 1096 qui
522 1018 814 1097 praefuerit
831 1021 1035 1091 hortis;
1052 1022 1150 1096 qui
1163 1023 1335 1080 etiam

124 1105 368 1167 Athenis
396 1113 628 1165 aemma}
657 1103 863 1175 fuerint
884 1103 1109 1164 illustres
1134 1128 1150 1178 ς
1194 1125 1335 1184 quae

123 1205 184 1248 te
199 1191 370 1248 etiam
387 1209 457 1248 ex
475 1189 802 1268 Apollodori
828 1206 965 1269 puto
998 1189 1145 1269 posse
1172 1194 1332 1250 iuve-

128 1278 275 1336 nire.
323 1275 391 1344 de
411 1277 596 1334 Attica
611 1274 893 1336 molestum
914 1299 933 1349 ς
962 1273 1051 1334 sed
1066 1279 1335 1354 quoniam

128 1363 348 1433 leviter,
366 1366 506 1420 redte
519 1361 623 1422 effe
637 1361 883 1422 confido..
912 1362 981 1422 de
996 1368 1046 1419 G
1052 1362 1333 1422 amaladu·

129 1450 284 1512 bium
305 1449 444 1512 mihi
463 1469 586 1508 non
605 1465 743 1508 erate
775 1447 925 1508 unde
951 1448 1099 1506 enim
1118 1462 1233 1506 tam
1252 1447 1335 1508 fe-

130 1535 212 1604 lix
230 1536 406 1610 Ligus
423 1551 575 1613 patet
595 1535 616 1594 ἓ
655 1555 780 1596 nam
799 1533 933 1613 quid
948 1534 1015 1592 de
1036 1553 1122 1592 me
1136 1535 1338 1609 dicam,

130 1623 220 1682 cui
239 1635 302 1678 ut
325 1623 514 1680 omnia
529 1624 883 1696 contingant,
910 1641 1051 1698 quae
1068 1619 1227 1694 volo,
1246 1620 1337 1679 le·

129 1708 253 1768 vari
271 1727 390 1764 non
407 1706 619 1784 poss'um’
638 1709 658 1766 ἓ
687 1707 756 1766 de
771 1704 933 1764 Drufi
946 1707 1147 1779 hortis,
1158 1727 1338 1785 qnan-

132 1796 176 1854 ti
191 1789 398 1852 licuiffe
414 1807 471 1850 tu
489 1791 700 1866 scribis,
714 1791 772 1852 id
787 1811 891 1868 ego
908 1811 1131 1869 quoque
1152 1791 1339 1850 audie·

131 1899 278 1951 ram,
295 1893 372 1951 et,
395 1892 458 1936 ut
471 1880 700 1957 opinor,
714 1879 830 1936 heri
845 1876 915 1938 ad
934 1892 989 1937 te
1005 1874 1337 1954 scripserame

133 1963 226 2024 sed
243 1966 440 2043 quanti
469 1965 690 2040 quanti,
703 1965 844 2022 bene
860 1963 1059 2021 emitur
1074 1962 1223 2040 quod
1242 1981 1341 2020 ne·

132 2049 274 2122 §effe
295 2047 389 2108 est.
421 2051 594 2122 mhi,
623 2069 855 2126 quoquo
879 2046 1051 2106 modo
1079 2061 1143 2104 tu
1158 2046 1341 2106 existi·-

133 2155 282 2209 mas,
295 2129 440 2204 (scio
453 2136 602 2192 enim
625 2153 726 2209 ego
749 2131 882 2212 ipse,
906 2131 1041 2210 quid
1056 2132 1125 2190 de
1138 2151 1227 2191 me
1242 2153 1343 2192 ex·

132 2221 398 2295 istimem)
420 2217 622 2281 levatio
637 2217 905 2297 quaedam
934 2215 1029 2290 est,
1065 2216 1105 2276 st
1132 2220 1343 2294 minus,

134 2307 375 2379 doloris,
397 2320 454 2362 at
469 2305 636 2364 officii
651 2305 840 2364 debiti.
866 2302 935 2362 ad
950 2305 1123 2364 Sicam
1138 2302 1339 2384 fcripfl,

131 2390 290 2470 quod
308 2393 482 2460 utitur
497 2394 566 2453 L.
585 2396 776 2450 Cotta.
821 2387 861 2448 fi
886 2388 1027 2448 nihil
1042 2388 1343 2448 conficere·

133 2493 229 2548 tm·
259 2475 329 2536 de
353 2474 808 2572 Transtibetinis3
837 2476 1005 2536 habet
1023 2475 1087 2536 in
1119 2471 1347 2536 ostienfi
