1700 3084
315 185 444 240 AD
472 181 907 239 ATTICUM
936 181 1053 237 Lm.
1099 183 1176 238 X.
1248 189 1373 248 507·

137 280 511 361 juventute&
529 299 593 338 ea
611 298 772 354 vet-0,
787 299 929 358 quae
946 280 1083 339 mihi
1118 275 1373 356 quidem,

145 371 242 448 qui
273 366 436 425 illum
467 385 619 440 amo,
655 364 780 424 sunt
811 369 899 425 his
931 364 1057 447 ipfis
1090 364 1271 435 malis,
1302 363 1382 420 inr-

146 455 312 532 queis
331 451 543 525 sumus„
566 450 865 529 miseriora,
883 473 1003 512 non
1026 452 1153 520 sum
1176 451 1243 508 ab
1264 448 1379 508 ob·

147 540 352 620 sequio
381 537 596 614 nostro,
633 559 794 612 non;
862 538 983 598 suas
1020 536 1243 598 radices·
1270 539 1371 594 h'a-

147 629 330 687 bent:
383 645 528 705 quas
563 639 748 684 tamen
779 625 1065 685 evellerem
1097 623 1381 706 profecto}

53 741 60 747 ·
151 713 440 774 illiceret.
485 709 573 770 sed
607 732 670 770 ea
691 727 943 792 tempora
966 710 1113 785 sunt,
1154 726 1215 768 ut
1245 729 1368 767 om-

151 801 252 860 nia
262 799 412 860 mihi
427 795 534 856 smt
549 797 825 876 patienda.
874 819 979 875 ego
1002 817 1183 856 meum
1216 793 1393 854 facile·

155 899 355 947 teneo,
403 883 544 942 nihil
557 882 630 942 est
653 885 799 942 enim
819 905 887 944 eo
904 882 1259 944 tractabilius:
1277 901 1391 940 cu-

153 973 251 1050 jus
272 969 506 1050 quidem
539 968 903 1029 misericordia
918 969 1259 1047 languidiora
1280 965 1383 1027 ad·

65 1121 72 1128 ,
99 1051 104 1056 ’
160 1063 270 1118 huc
291 1055 523 1116 confilia
538 1059 692 1141 cepi:
741 1073 820 1131 et,
837 1079 951 1137 quo
969 1056 1059 1116 ille
1072 1077 1159 1126 me
1175 1056 1395 1116 fortio*

163 1164 280 1204 rem
305 1143 430 1204 vult
447 1141 570 1220 effi,
600 1163 668 1202 eo
683 1146 858 1220 magis
882 1146 1051 1202 timeo
1074 1165 1145 1202 ne
1162 1145 1221 1201 in
1251 1163 1397 1202 eume

163 1229 396 1290 existam
428 1231 722 1289 crudelior.
773 1229 862 1289 sed
906 1231 1191 1289 Antonius
1224 1231 1393 1288 verrit·

165 1319 285 1377 heri
309 1313 547 1392 vesperi.
589 1318 706 1392 jam
729 1315 949 1375 fortaffe
964 1319 1031 1376 ad
1062 1337 1149 1377 me
1167 1318 1379 1385 veniet;

165 1419 264 1464 aut
281 1423 355 1462 ne
369 1402 426 1461 id
453 1403 698 1482 quidem,
729 1405 996 1482 quoniam
1021 1401 1226 1483 scripfit
1250 1400 1386 1481 quid

87 1527 98 1534 -
166 1489 288 1550 fieri
307 1488 496 1550 vellet.
543 1487 633 1548 sed
663 1488 798 1548 scies
829 1493 1105 1552 continuo
1136 1488 1269 1570 quid
1292 1510 1387 1547 ac-

167 1593 294 1637 tum
319 1574 406 1636 fit.
453 1597 560 1636 nos
583 1577 700 1653 jam
723 1577 870 1636 nihir
892 1575 995 1636 ni'fi
1024 1577 1262 1638 occulte.
1314 1574 1389 1636 de

53 1661 56 1664 ⁴
77 1721 84 1725 ,
165 1664 362 1744 pueris
381 1662 513 1740 'quid
525 1664 711 1740 agam?
730 1684 979 1742 parvone
994 1666 1219 1742 navigio
1230 1683 1390 1724 com·-

172 1751 394 1810 mittam
415 1750 436 1807 ?
486 1749 621 1828 qnid
637 1751 768 1808 mihi
793 1753 967 1810 animi
994 1754 1051 1813 in
1070 1749 1391 1829 navigando

111 1847 118 1852 ’
175 1833 368 1896 censes
379 1835 499 1894 fore
521 1836 835 1896 ?.recordor
857 1841 1031 1913 enim,
1056 1837 1249 1896 aestate
1265 1857 1392 1896 cum

175 1922 280 1982 illo
306 1922 652 1981 Rhodiorum
668 1932 879 1998 ἀφράκτῳ
904 1927 1198 2002 navigan8‚
1222 1943 1391 2002 quam

177 2009 380 2070 fuerim
419 2006 706 2068 sollicitus.
777 2009 932 2089 quid,
966 2011 1107 2070 duro
1146 2027 1409 2089 tempore·

179 2097 344 2170 anni,
367 2095 664 2154 actuariblo
687 2095 806 2154 fore
825 2094 1008 2155 censes
1031 2099 1053 2156 ἓ
1100 2117 1214 2156 rem
1228 2097 1395 2156 undi-

97 2212 108 2220 ·
181 2201 295 2260 que
331 2179 578 2240 miseram
602 2185 616 2241 Ξ
669 2184 971 2242 Trebatius
1003 2199 1121 2243 erat
1148 2203 1399 2260 mecum,..

159 2326 168 2332 ,
181 2271 276 2326 vir
292 2267 456 2346 plane
478 2283 534 2326 et
549 2269 690 2327 civis
705 2269 909 2329 bonus,
957 2288 1097 2349 quae
1119 2269 1209 2332 ille
1224 2292 1393 2330 mon-

181 2351 405 2426 stra,dii
423 2353 760 2414 immortales
783 2359 797 2415 Ξ
847 2358 1087 2416 etiamne
1108 2357 1306 2416 Balbus
1332 2362 1410 2420 in-

181 2447 448 2498 senatum
463 2443 654 2500 venire
669 2443 919 2518 cogitet?
968 2441 1055 2501 sed
1085 2444 1133 2500 ei
1158 2443 1251 2520 ips:
1273 2465 1419 2504 cras,-

175 2525 258 2586 εει·
270 2539 324 2585 te
345 2525 532 2588 literas
557 2525 724 2588 dabo.
755 2531 1081 2600 *Vestenum
1104 2529 1239 2588 mihi
1263 2529 1409 2586 amia
