1700 3084
261 217 389 272 AD
429 205 1003 272 ATTmuMLm.
1031 211 1193 269 xm.
1234 211 1347 283 649

127 335 258 397 que
274 335 476 393 augere
493 333 612 375 n‘on
632 313 890 375 definam.
908 313 977 373 ad
997 315 1351 390 Ligarianam

127 405 214 465 de
231 423 416 461 uxore
436 403 782 477 Tuberonis,
797 417 861 462 et.
870 402 1149 482 privigna,
1170 419 1353 480 neque

133 487 495 571 poss'umjam
511 487 732 561 addere;
754 487 828 547 est
852 491 999 547 enim
1018 507 1103 546 res
1130 485 1355 566 pervul-

137 593 301 656 gata:
329 595 511 654 neque
546 576 905 634 Tuberonem
936 573 1073 636 volo
1095 571 1354 634 defende·

137 683 228 724 re:
249 661 481 721 mirifice
511 659 586 721 est
616 663 766 720 enim
803 668 1050 732 φιλαίτιος.
1078 663 1354 720 theatrum

140 749 382 829 quidem
412 746 539 807 sane
567 746 770 808 bellurn
813 745 1063 807 habuisti.
1109 767 1237 825 ego,
1259 745 1357 806 etsx

142 839 263 895 hoc
291 835 422 894 loco
465 833 719 894 facillime
746 832 1037 908 sustentor,
1078 848 1259 891 tamen
1299 847 1357 892 te

141 922 341 983 videre
356 923 542 1001 cupio.
575 921 780 1000 itaque,
791 935 859 980 ut
874 918 1151 998 constitui,
1166 917 1354 979 adem.

140 1009 378 1070 fratrem
403 1009 568 1068 credo
587 1029 618 1066 a
631 1023 688 1066 te
714 1007 816 1068 ess'e
833 1022 1197 1068 conventum:
1223 1007 1359 1066 scire

143 1098 325 1174 igitur
342 1093 529 1154 studeo
547 1092 683 1174 quid
697 1097 893 1173 egeris·
942 1095 1009 1153 de
1034 1093 1179 1152 fama
1216 1089 1358 1153 nihil

143 1181 282 1242 sane
319 1181 539 1242 laboro:
577 1179 672 1240 etfi
705 1178 1013 1261 scripseram
1035 1179 1105 1239 ad
1136 1195 1190 1239 te
1222 1195 1360 1240 tunc

145 1268 338 1342 stulte,
356 1268 495 1327 nihil
511 1267 725 1327 melius.
759 1267 1063 1327 curandum
1078 1267 1223 1325 enim
1238 1286 1360 1326 non

145 1354 248 1416 est.
299 1370 464 1433 atque
479 1357 607 1428 hoc,
631 1353 652 1386 ‘
675 1355 734 1412 in
757 1356 913 1414 omni
935 1356 1052 1412 vita
1070 1351 1361 1431 suaquem-

146 1441 172 1476 ‘
187 1455 302 1522 que
319 1463 352 1500 a
367 1445 510 1500 refta
528 1438 863 1500 conscientia
880 1437 1241 1499 transversum
1258 1461 1363 1498 un-

150 1529 173 1562 ‘
199 1549 364 1606 guem
391 1549 509 1586 non
540 1541 766 1606 oportet
811 1525 1127 1586 discedere.’
1174 1525 1361 1586 viden‘

150 1635 325 1696 quam
349 1615 615 1685 φιλοσέφωςὲ
652 1635 724 1672 an
741 1631 802 1672 tu
835 1634 943 1672 nos
964 1611 1157 1672 frustra
1180 1613 1361 1673 existi-

151 1722 277 1761 mas
297 1704 429 1759 haec
454 1703 512 1759 in
530 1701 783 1759 manibus
799 1702 1023 1759 habere?
1043 1715 1141 1759 8283
1144 1717 1275 1777 >4521
1304 1713 1361 1758 te

155 1787 390 1861 nollem,
409 1787 558 1866 quod
579 1787 716 1844 nihil
731 1803 869 1845 erat.
889 1789 1051 1846 redeo
1068 1790 1214 1846 enirn
1240 1809 1360 1846 rur-

153 1873 246 1934 sus
264 1873 478 1932 eodem.
528 1871 825 1952 quidquam
858 1894 944 1932 me
986 1888 1145 1951 putas
1171 1895 1363 1932 curare

157 1963 220 2019 in
239 1975 387 2033 tot0,
411 1957 510 2018 nifi
529 1974 590 2017 ut
609 1961 656 2018 ei
689 1980 758 2016 ne
789 1958 984 2016 defim?
1027 1957 1083 2016 id
1101 1980 1205 2036 ago
1223 1957 1362 2018 scili*

157 2063 248 2106 cet
266 2047 543 2122 utjudicia
559 2045 745 2105 videar
764 2061 971 2104 tenere.
992 2055 1054 2114 μὴ
1080 2055 1171 2119 γάρ
1186 2057 1363 2112 αὐτοῖς.

157 2133 354 2192 vellem
375 2149 485 2191 tam
507 2129 799 2192 domestica
815 2130 955 2190 ferre
970 2129 1169 2210 possem
1176 2155 1269 2212 ,qu
1278 2155 1363 2195 am

159 2213 256 2278 ⁸ista
269 2235 647 2278 contemnere.
695 2235 855 2298 putas
886 2234 1069 2278 autern
1094 2239 1179 2278 me
1205 2223 1365 2282 volu-

155 2303 256 2364 ‘iss'e
278 2304 483 2383 aliquid
490 2304 669 2382 ‚quod
689 2303 985 2383 perfefium
1005 2325 1123 2364 non
1138 2305 1229 2367 fit?
1244 2331 1365 2367 non

163 2392 290 2451 licet
309 2389 508 2450 scilicet
531 2389 851 2449 sententiam
877 2389 1047 2450 suamz
1076 2389 1164 2452 sed
1179 2410 1365 2452 tamen

168 2497 308 2556 quae
351 2493 466 2537 tum
494 2481 610 2536 asta
645 2475 792 2550 sunt,
833 2499 953 2536 non
992 2477 1201 2558 poffum
1244 2497 1363 2537 non·

169 2566 417 2645 probare:
453 2579 509 2623 et
533 2579 718 2622 tamen
747 2568 1108 2641 nonflcurarc,
1138 2563 1364 2645 pulchre

700 2655 832 2712 L2
