1700 3084
340 162 455 237 448
610 162 1265 221 EPISTOLARUM

342 261 367 293 ‘
387 260 659 339 existimo,
686 283 793 322 vos
810 260 1150 340 dispertitos,
1169 265 1302 323 etin
1321 260 1587 342 speculis

343 348 365 382 ‘
390 348 513 410 effe.
546 348 636 410 sed
652 350 864 409 medius
882 348 1050 411 ,fidius
1075 365 1233 430 turpe
1257 352 1438 411 nobis
1464 373 1580 431 pu-

343 436 365 469 ‘
391 454 451 497 to
490 436 591 496 effi:
628 437 697 497 de
742 436 872 515 fuga
917 438 1208 515 cogitare!
1246 440 1358 497 hoc
1401 455 1584 518 turpe

345 522 769 583 Gnaeus-noster
783 524 1016 583 biennio
1033 540 1161 583 ante
1193 527 1502 601 cogitavit,
1523 528 1578 585 i-

348 625 404 669 ta
419 609 691 689 syliaturit
714 612 932 669 animus
955 611 1098 687 ejuS,
1143 627 1198 669 et
1214 610 1578 692 proscriptu-

346 698 421 757 rit
451 697 569 756 diu.
612 696 765 772 inde,
811 712 874 756 ut
891 698 1120 777 opinor,
1141 718 1267 757 cum
1295 714 1356 757 tu
1371 699 1450 759 ad
1481 719 1588 759 me

345 782 617 863 quaedam
636 794 914 858 γενικώτερον
941 782 1243 863 scripsisses,
1257 801 1314 844 et
1329 806 1444 863 ego
1461 788 1586 845 mi·

346 871 453 929 hia
476 886 530 929 te
562 870 827 949 quaedam
859 868 1154 947 fignificari
1175 870 1474 951 putaffem,
1505 888 1579 932 ut

348 957 511 1019 Italia
532 956 801 1030 cederem;
826 956 1104 1017 detestaris
1127 962 1234 1019 hoc
1263 957 1580 1037 diligenter

348 1062 415 1103 xi
443 1043 707 1103 kalendas
726 1045 978 1103 Martias:
1009 1043 1028 1074 ‘
1045 1064 1152 1121 ego
1175 1066 1310 1105 vero
1333 1046 1578 1106 nullae·

354 1128 375 1161 ‘
399 1129 593 1209 pistola
615 1128 941 1207 fignificavi3
967 1130 1006 1189 fi
1025 1136 1252 1191 Gnaeus
1280 1132 1450 1192 Italia
1479 1155 1578 1193 oe-

349 1215 376 1248 ‘⁴
396 1216 572 1292 deret,
588 1232 653 1279 ut
666 1232 724 1275 tu
744 1220 853 1275 una
867 1217 1108 1277 cederest
1131 1234 1224 1277 aut
1237 1218 1276 1278 fi
1291 1216 1580 1295 fignifica-

353 1300 373 1332 ‘
396 1304 481 1375 vi;
523 1324 643 1363 non
683 1303 807 1363 dico
836 1303 918 1363 fiai
962 1304 1304 1377 inconstans,
1345 1304 1442 1365 sed
1473 1306 1576 1367 de·-

354 1388 375 1421 ‘
396 1410 578 1451 mens.
599 1394 614 1417 '
658 1391 719 1449 in
757 1388 946 1451 eadem
989 1390 1214 1471 epistola
1255 1390 1365 1451 alio
1409 1392 1578 1469 loce,

353 1474 375 1507 ‘
396 1477 539 1537 nihil
552 1476 880 1557 relinquitur
895 1475 993 1537 nifi
1006 1476 1158 1556 fugat
1174 1480 1262 1539 cui
1288 1493 1340 1537 te
1355 1476 1580 1540 socium

352 1560 374 1595 ‘
398 1565 719 1643 neutiquam
742 1578 882 1643 puto
911 1561 1016 1625 effe
1037 1580 1320 1646 oportere,
1337 1586 1444 1625 nec
1459 1588 1580 1629 un·

355 1648 378 1681 ⁴
396 1668 562 1727 quam
580 1652 815 1729 putavi.’
859 1666 1038 1713 totam
1055 1668 1237 1713 autem
1260 1656 1404 1714 hanc
1427 1654 1576 1715 deli-

356 1738 699 1797 berationem
728 1736 946 1799 evolvis
971 1742 1272 1801 accuratius
1297 1742 1356 1799 in
1387 1740 1594 1803 literis

358 1842 422 1883 vx
437 1842 491 1882 11
520 1822 787 1883 kalendas·
802 1827 1040 1888 Martiae
1063 1826 1264 1887 datis=.‘
1281 1825 1438 1887 fiM’.
1463 1835 1574 1889 Le·

359 1908 382 1941 ‘
406 1908 592 1991 pidus‚
616 1927 676 1969 et
704 1916 772 1973 L.
792 1914 1084 1973 Volcatius
1099 1928 1408 1990 remanent,
1448 1936 1576 1977 ma·-

360 1995 382 2028 ‘
404 1997 649 2057 nendum
672 2014 833 2077 puto,
850 2001 928 2059 ita
945 2016 1028 2075 ut,
1065 1998 1104 2059 fi
1120 1998 1296 2061 salvus
1311 1998 1378 2061 fit
1399 2004 1594 2064 Pom--

362 2081 385 2114 ‘
407 2085 585 2163 peius,
604 2099 659 2143 et
674 2084 980 2146 constiterit
999 2087 1222 2165 alicubi,
1235 2091 1378 2149 hanc
1395 2097 1576 2149 νεανία»

365 2167 713 2249 ‘relinquas·,
736 2187 791 2230 et
806 2187 862 2233 te
886 2174 948 2233 in
967 2176 1264 2235 certamine
1277 2176 1426 2235 vinci
1439 2198 1586 2239 cum

363 2253 505 2315 ‘illo
521 2256 737 2319 facilius
758 2262 1011 2339 patiaris,
1031 2282 1196 2343 quam
1219 2283 1340 2323 cum
1355 2266 1522 2340 hoc,
1505 2286 1579 2325 m

363 2339 507 2417 ‘ea,
547 2364 689 2422 quae
718 2346 1038 2427 perspicitur
1073 2350 1256 2410 futura
1274 2391 1294 2424 ,
1329 2351 1574 2411 colluvie

364 2425 683 2508 ‘Rregnare
728 2431 902 2495 musta
927 2434 1172 2517 disputas
1201 2438 1330 2498 huic
1351 2435 1574 2499 senten-

366 2519 475 2579 tiae
506 2520 938 2583 convenientia.
975 2523 1109 2585 inde
1134 2523 1209 2585 ad
1227 2539 1588 2603 extremum,
