1700 3084
252 170 371 226 AD
399 166 831 227 ATTICUM
857 167 978 225 Lm.
1006 166 1108 224 lx.
1202 180 1324 239 459

87 283 184 327 ut
202 262 319 343 ille,
340 268 595 347 vestigal,
612 266 701 329 sed
720 270 926 329 civium
945 271 1116 328 bona.
1183 269 1332 329 adde

85 354 506 415 confidentiam
531 356 799 428 homini-53
826 355 964 415 adde
983 355 1326 415 imbecillita-

84 457 225 501 tem·
263 445 548 501 bonorum
585 445 843 502 virorum
865 466 882 514 ;
933 444 1030 520 qui
1077 440 1335 519 quidem,

84 528 259 605 quod
284 528 440 587 illum
464 527 559 587 fibi
582 530 782 587 merito
802 531 1004 587 iratum
1023 543 1240 607 putant,
1257 550 1326 587 o·

84 614 335 689 derunt,
360 630 421 671 ut
451 630 511 673 tu
526 614 742 687 scribis,
769 616 994 675 ludumz.
1013 637 1074 672 ac
1099 615 1324 691 vellem,

88 698 322 775 scribis,
356 699 604 779 quisnam
629 703 717 758 hic
739 699 1100 777 significasset.
1157 698 1246 760 sed
1269 716 1334 761 et·

90 784 225 861 iste,
250 788 385 865 quia
397 786 520 864 plus
538 785 868 861 ostenderat,
885 807 1051 865 quam
1079 787 1232 861 fecit3
1266 785 1328 847 et

90 872 279 949 vulgo
314 872 492 946 illum,
538 876 633 952 qui
658 876 934 944 amarunt,
968 894 1086 933 non
1112 890 1320 935 amant.

91 960 583 1036 municipiaeverox,
630 976 685 1017 et
708 959 896 1018 rusticis
912 963 1149 1019 Romani
1165 960 1323 1021 illum

92 1061 391 1118 metuunt,
417 1046 566 1104 hunc
586 1045 759 1105 adhuc
774 1047 1035 1124 diligunt.
1083 1068 1252 1126 quare
1271 1050 1320 1106 i-

93 1146 155 1191 ta
180 1148 411 1211 paratus
435 1130 533 1206 est,
563 1148 645 1206 ut,
668 1134 832 1191 etiam
871 1133 910 1192 fi
939 1137 1162 1193 vincere
1195 1156 1323 1195 non·

91 1218 289 1298 poffit,
324 1238 437 1296 quq
454 1218 625 1277 modo
643 1234 825 1279 tamen
857 1219 970 1301 ipse
993 1222 1142 1281 vinci
1162 1222 1328 1300 poffit

91 1326 225 1363 non
257 1303 499 1363 videam.
548 1326 650 1382 ego
694 1323 876 1365 autem
907 1328 1023 1366 non
1063 1322 1176 1365 tam
1215 1337 1322 1378 yon-

91 1402 226 1450 τείαν
252 1391 426 1469 hujus
454 1393 649 1466 timeo,
687 1413 853 1471 quam
883 1403 1208 1454 σειθανάῆιην.
1269 1404 1323 1451 αἶ

88 1488 193 1553 γάρ
220 1488 311 1537 τὸν
327 1488 543 1553 τυράννων
561 1481 940 1558 ὃεῆσεις,ἱη(]ῑ1ἱῐ
964 1489 1175 1543 Πλάτων,
1193 1488 1324 1537 οἶσθ-ἴ

87 1578 163 1623 ὅτι
198 1571 493 1635 μεμιγμέναι
532 1576 761 1631 οἱνσέἴκαις.
800 1564 1114 1636 ῙΠὲφὶλῖμενα
1153 1565 1322 1625 Video

94 1652 209 1711 tibi
234 1670 358 1709 non
394 1654 637 1730 probari:
662 1672 906 1732 quaene
923 1655 1072 1712 mihi
1095 1652 1326 1732 quidem

95 1738 427 1819 placebant=
471 1736 557 1798 se'd
574 1741 832 1798 habebam
850 1742 910 1801 in
927 1740 1036 1799 illis
1049 1757 1104 1799 et
1127 1741 1322 1799 occul·

95 1826 403 1897 tationem,
423 1839 479 1882 et
490 1833 724 1900 ὑπηρεσίαν
746 1825 986 1885 fidelem:
1009 1847 1146 1905 quae
1163 1827 1200 1886 fi
1214 1829 1322 1885 mi-

96 1913 159 1971 hi
192 1909 492 1969 Brundufii
523 1910 833 1991 suppetant,
863 1912 1102 1971 mallem:
1125 1911 1213 1971 sed
1239 1914 1326 1971 ibi

97 1997 413 2057 occultatio
447 1997 597 2057 nulla
627 1998 721 2057 estz
768 2020 960 2057 verum
992 2013 1055 2057 ut
1091 1997 1277 2058 scribis
1297 2040 1322 2074 ,

99 2105 235 2143 cum
264 2081 569 2143 scierimus.
616 2087 751 2143 viris
769 2087 933 2144 bonis
967 2106 1054 2145 me
1077 2106 1194 2145 non
1231 2087 1323 2143 ni-

97 2173 211 2229 mis
235 2168 465 2230 excuso,
492 2190 627 2248 quas
645 2172 793 2231 enim
816 2192 914 2231 eos
939 2194 1139 2233 coenas
1165 2189 1218 2231 et
1235 2171 1328 2231 fa·

100 2276 229 2315 cere
244 2272 303 2315 et
324 2257 481 2315 obire
496 2255 699 2336 scripfit
715 2257 785 2315 ad
802 2280 890 2317 me
903 2261 1128 2319 Sextus?
1151 2280 1318 2338 quam

101 2342 489 2421 lautas?quam
504 2342 876 2422 tempestivas?
897 2344 983 2405 sed
1001 2345 1106 2405 fint
1123 2366 1317 2424 quam-

102 2430 201 2487 vis
216 2432 381 2501 boni,
405 2449 523 2489 non
550 2428 675 2489 sunt
699 2431 954 2492 meliores
994 2452 1158 2512 quam
1183 2451 1318 2491 nosz

102 2530 403 2576 moverent
426 2536 534 2593 me,
552 2513 587 2576 fi
602 2514 769 2575 effent
788 2516 1071 2577 fortioreS.
1120 2516 1186 2577 de
1205 2524 1332 2575 La·-
