1700 3084
280 171 401 225 AD
430 166 868 225 ATTICUM
893 167 1014 222 Lm.
1044 168 1146 221 1x.
1223 178 1335 238 429

122 288 277 342 tam,
294 270 413 345 jam
426 265 728 327 effecissem.
775 265 845 324 fic
867 287 1003 342 ergo
1025 269 1244 342 habeto,
1259 268 1336 327 sa-

128 355 337 413 lutares
368 370 422 411 te
446 355 579 411 mihi
608 354 791 409 literas
813 348 1024 409 mififfe:
1053 373 1232 431 neque
1247 352 1333 411 so-

128 440 249 499 lum
288 442 387 497 has
422 438 723 514 longiores,
758 440 960 513 quibus
997 438 1136 495 nihil
1160 438 1337 516 potest

128 523 238 583 effe
260 524 607 603 explicatius,
630 522 767 581 nihil
790 522 1098 600 pei-festina
1125 522 1210 583 sed
1229 526 1336 583 eti·

131 630 224 669 am
262 608 385 666 illas
410 611 691 667 breviores
706 650 725 680 ,
758 610 817 664 in
840 610 1044 684 quibus
1067 612 1174 668 hoc
1199 612 1334 669 mihi

125 692 577 772 jucundissimum
590 692 1003 764 fuit‚confilium
1027 693 1336 773 fanumque

132 779 381 839 nostrum
408 800 439 837 a
460 786 625 837 Sexto
646 780 890 856 probarit
915 796 1336 858 pergratumque

132 866 269 925 mihi
295 879 357 922 tu
386 863 575 939 fecisti,
600 886 633 920 a
655 884 769 941 quo
792 863 948 940 diligi
971 885 1080 938 me,
1097 881 1175 938 et,
1199 864 1336 943 quid

132 956 343 1009 redium
367 949 450 1021 fit,
486 948 721 1025 intelligi
758 947 891 1007 scio.
939 949 1162 1027 longior
1200 970 1335 1011 vero

132 1053 231 1095 tua
252 1034 477 1114 epistola
499 1056 616 1093 non
632 1054 719 1093 me
734 1032 1022 1107 solumsed
1043 1056 1194 1095 meos
1214 1056 1334 1095 om·

138 1142 239 1181 nes
262 1120 604 1197 aegritudine
626 1121 849 1178 levavit.
897 1121 1084 1198 itaque
1099 1136 1218 1181 utar
1236 1137 1336 1181 tuo

138 1206 392 1281 confilio,
416 1222 470 1264 et
493 1226 589 1264 ero
612 1208 671 1263 in
710 1207 1032 1277 Formian03
1060 1228 1130 1265 ne
1153 1222 1245 1265 aut
1267 1205 1338 1266 ad

137 1295 327 1353 urbem
344 1301 592 1355 ἀπάντησις
606 1312 727 1349 mea
741 1290 1208 1351 animadvertatur
1214 1316 1232 1365 ς
1247 1306 1342 1354 aut

139 1378 181 1438 fi
203 1398 308 1437 nec
332 1382 443 1451 hic,
466 1398 571 1435 nec
592 1378 705 1435 illic
727 1397 852 1434 eum
876 1375 1089 1451 videm,
1129 1378 1340 1436 devita·

140 1480 261 1523 tum
284 1462 339 1522 se
360 1485 393 1522 a
414 1484 499 1523 me
522 1478 699 1543 putet.
756 1461 912 1541 quod
951 1478 1130 1521 autem
1155 1461 1342 1521 suades

138 1564 205 1609 ut
228 1552 298 1609 ab
321 1570 388 1608 eo
420 1566 623 1629 petam,
652 1564 717 1607 ut
736 1550 870 1607 mihi
895 1548 1186 1623 concedat,
1209 1565 1272 1607 ut
1293 1550 1339 1607 i·

138 1636 269 1697 dem
294 1638 531 1695 tribuam
564 1636 851 1711 Pompeio,
875 1636 1026 1711 quod
1049 1633 1146 1713 ipsi
1169 1637 1346 1693 tribu·

140 1724 309 1781 erimz
332 1721 389 1781 id
412 1742 499 1780 me
516 1722 633 1799 jam
658 1720 870 1800 pridem
893 1740 1050 1797 agere
1073 1720 1343 1797 intelliges

148 1828 229 1867 ex
250 1807 429 1865 literis
446 1807 599 1865 Balbi
624 1822 679 1864 et
704 1807 890 1883 oppii:
915 1826 1146 1883 quarum
1164 1826 1348 1865 exem-

135 1894 243 1975 pla
266 1894 367 1951 tibi
392 1890 526 1949 mifi:
564 1891 677 1949 misi
702 1892 871 1949 etiam
897 1890 1141 1949 Caesaris
1172 1892 1238 1949 ad
1253 1910 1350 1950 eoa

132 1978 285 2039 sana
307 1994 490 2037 mente
513 1976 755 2055 scripta8‚
793 1997 909 2055 quo
933 1976 1102 2037 modo
1125 1978 1186 2035 in
1225 1993 1351 2035 tan·

146 2079 210 2124 ta
232 2063 465 2123 insania.
480 2060 557 2120 fin
575 2065 709 2120 mihi
733 2060 932 2121 Caesar
954 2066 1061 2121 hoc
1077 2082 1193 2120 non
1212 2084 1352 2123 eon·

149 2150 338 2222 cedat3
366 2148 535 2208 video
558 2149 659 2206 tibi
687 2147 897 2225 placere
913 2148 1070 2219 illud
1109 2168 1196 2205 me
1211 2156 1350 2207 σαλί-

150 2267 311 2306 nupta
334 2234 405 2294 de
426 2254 559 2313 pace
574 2233 861 2312 suscipere:
889 2238 950 2293 in
975 2254 1092 2312 quo
1115 2254 1232 2293 non
1255 2254 1354 2293 ex-

154 2320 385 2383 timesco
422 2320 740 2400 periculum.
800 2320 930 2379 dum
969 2322 1118 2379 enim
1142 2334 1229 2379 tot
1253 2322 1355 2377 im-

142 2408 461 2491 pendeant,
482 2426 581 2466 cur
604 2426 721 2467 non
742 2405 1102 2467 honestillimo
1121 2406 1184 2465 de
1190 2402 1357 2485 pacis
