1700 3084
301 89 897 195 AfiATTICUM
926 137 1047 192 ΜΒ.
1099 139 1199 194 1x.
1234 153 1349 212 455

395 333 658 376 emano
691 335 951 376 Arne-o
980 335 1129 378 SAL.

67 399 132 434 ¹²
232 405 528 482 Legebam.
555 418 683 460 tuas
713 402 903 460 literas
926 422 999 463 xl
1023 423 1043 462 ι
1062 424 1081 463 ι
1128 402 1353 464 kalend·

137 515 268 555 cum
291 491 430 556 mihi
453 489 680 568 epistola
709 487 933 548 affertur
955 493 1221 570 a'Lepta‚
1246 493 1355 551 cir.

135 573 664 640 cumvallatumelse
687 578 1032 656 Pompeium3
1074 578 1279 638 ratibus
1294 597 1355 637 e·

129 671 276 728 tiam
296 665 490 724 exitus
521 663 720 742 portus
751 665 948 722 teneri.
994 679 1117 722 non
1140 663 1353 724 medius

133 753 306 816 fidius
329 771 464 832 prae
493 749 752 827 lacrymis
775 747 985 828 possum
1005 750 1221 830 reliqua
1242 771 1349 812 nec

133 841 416 918 cogitare,
439 858 546 896 nec
571 835 822 895 scribere.
870 833 989 894 mifi
1003 836 1071 898 ad
1100 855 1153 896 te
1166 858 1351 900 exem·

133 928 314 1009 plum.
364 923 592 984 miseros
617 926 746 982 nos!
775 942 877 983 cur
894 943 1017 982 non
1044 945 1239 986 omnes
1268 924 1351 986 fa·

133 1030 258 1074 tum
281 1010 436 1072 illius
467 1013 580 1068 una
601 1011 822 1068 executi
844 1007 1057 1070 sumus?
1098 1033 1225 1078 ecce
1254 1033 1351 1072 au·

131 1115 310 1160 tem-a
333 1099 518 1158 Matio
537 1112 597 1156 et
619 1097 889 1156 Trebatio
912 1097 1123 1156 eadem:
1150 1101 1351 1176 quibus

132 1186 456 1248 Minturnis
465 1184 626 1244 obvii
639 1181 895 1244 ‘Caesaris
916 1183 1203 1244 tabellarii.
1232 1201 1353 1246 tor·

129 1293 318 1353 queor
349 1270 574 1346 infelix,
610 1285 674 1330 ut
701 1270 820 1347 jam
842 1270 995 1330 illum
1026 1273 1353 1335 Mucianum

129 1362 358 1420 exitum
389 1373 668 1438 exoptem.
716 1371 774 1416 at
806 1379 973 1436 quam
1010 1357 1256 1432 honesta,
1293 1374 1353 1420 at

129 1467 308 1526 quam
326 1445 588 1525 expedita
605 1459 696 1504 tua
712 1443 953 1520 confilia,
996 1465 1161 1523 quam
1179 1447 1352 1524 evigi-

121 1534 248 1594 «lata
273 1533 387 1592 tuis
404 1531 857 1610 cogitationibus,
874 1533 1351 1612 quaitineris,qua
1444 1571 1451 1578 -

129 1619 544 1697 navigationis,
561 1639 674 1696 qua
696 1617 1037 1695 congrell'us,
1056 1617 1349 1680 sermonis-

129 1727 248 1787 que
271 1725 402 1766 cum
425 1705 683 1765 Caesare?
723 1707 921 1765 omnia
959 1721 1075 1764 tum
1100 1707 1347 1784 honesta,

133 1809 260 1854 tum
301 1807 484 1852 cauta.
544 1794 607 1851 in
645 1793 875 1872 Epirum
910 1813 1045 1852 vero
1084 1795 1347 1856 invitatio

36 1873 43 1878 ’
131 1901 310 1960 quam
335 1879 541 1953 suavis,
563 1899 728 1959 quam
757 1878 1017 1952 liberalis,
1050 1899 1215 1958 quam
1236 1879 1346 1939 fra-

131 1967 330 2027 terna?
349 1967 420 2026 de
435 1965 708 2044 Dionyfio
741 1965 858 2024 sum
888 1965 1211 2026 admiratus:
1247 1969 1345 2045 qui

131 2053 284 2134 apud
300 2074 390 2113 me
413 2055 740 2112 honoratior
753 2051 1047 2130 fuit‚quam
1064 2053 1205 2132 apud
1228 2057 1343 2114 Sci·

133 2143 365 2220 pionem
415 2142 729 2198 Panaetius:
769 2161 800 2196 a
845 2159 962 2217 quo
1000 2141 1345 2219 impurissime

133 2231 274 2287 haec
295 2225 480 2286 nostra
503 2225 730 2284 fortuna
743 2224 985 2304 despecta
999 2225 1091 2285 est.
1126 2227 1221 2285 odi
1238 2231 1343 2286 ho·

135 2315 372 2387 minem,
389 2327 444 2372 et
463 2312 662 2372 odero:
681 2314 894 2370 utinam
916 2312 1098 2372 ulcisci
1112 2313 1337 2393 postem:

134 2397 228 2460 sed
250 2400 410 2459 illum
423 2397 751 2459 ulciscentur
764 2419 946 2458 mores
972 2399 1069 2460 sui.
1088 2417 1147 2459 tu
1154 2419 1339 2478 ,quae-

134 2484 400 2566 s0‚·nunc
422 2485 515 2548 vel
529 2488 766 2547 maxime
787 2486 922 2567 quid
938 2487 1209 2567 agendum
1232 2507 1358 2546 no··

707 2571 758 2632 ‘C
