1700 3084
333 225 339 232 ·
389 209 505 269 594
663 173 1333 251 EPISTOLARUM

385 296 527 352 miae
543 313 560 350 t
587 289 676 350 sed
691 291 859 350 abest.
904 306 965 349 tu
982 291 1188 364 tamen,
1204 290 1245 349 fi
1260 289 1399 369 quid
1416 306 1599 371 potes,
1683 348 1684 358 ,

389 378 646 437 odorare.
696 399 766 435 ne
790 375 953 435 Silius
978 377 1197 454 quidem
1216 377 1527 456 quidquam
1540 397 1599 434 u·
1683 377 1684 428 ἕ

389 465 548 536 titur,
569 477 628 522 et
649 464 696 519 is
719 461 892 520 usuris
916 461 1169 521 facillime
1192 461 1595 521 sustentabitur.

387 549 524 607 habe
549 563 701 606 tuum
725 550 1046 624 negotium3
1076 568 1199 620 nee,
1216 545 1361 626 quid
1381 569 1469 606 res
1486 567 1599 606 moe

291 693 300 704 ,
387 632 672 692 familiaris
688 632 945 711 postulet,
982 653 1149 710 quarn
1170 653 1275 709 ego
1292 652 1415 691 non
1442 653 1595 708 cum,

387 717 478 778 sed
495 717 629 797 qnid
650 718 835 794 velim,
847 734 905 776 et
920 739 1019 777 cur
1044 718 1234 793 velim,
1251 715 1525 778 existima.

623 907 884 950 cxcExo
916 907 1179 948 ATtho
1212 907 1368 950 sar..

389 1007 403 1018 ·
479 980 736 1033 Putarem
759 990 816 1032 te
839 974 1049 1052 aliquid
1074 975 1243 1046 novi;
1274 973 1427 1052 quod
1458 972 1593 1053 ejus·
1614 974 1659 1017 ²³

389 1060 546 1122 modi
566 1058 748 1119 fuerat
768 1059 989 1118 initium
1008 1062 1323 1131 litei-annm
1344 1063 1597 1139 quamvis

385 1165 514 1206 ⁴non
537 1165 782 1204 curarem
805 1145 1011 1223 quidin
1032 1144 1295 1225 Hispania
1316 1146 1496 1220 fieret,
1518 1163 1601 1204 ta·

390 1236 590 1292 mense
605 1229 965 1310 scripturum:
986 1229 1075 1290 sed
1092 1229 1349 1291 videlicet
1370 1235 1511 1292 meis
1536 1231 1601 1290 li·

393 1320 524 1378 teris
549 1314 889 1394 respondisti,
904 1332 969 1374 ut
982 1315 1053 1374 de
1064 1315 1215 1391 foro,
1244 1331 1300 1375 et
1324 1317 1395 1376 de
1412 1319 1596 1377 Curia.

391 1401 488 1462 sed
503 1401 700 1460 domus
723 1399 820 1474 est,
860 1415 923 1460 ut
952 1403 1057 1476 ais,
1084 1402 1289 1462 forum.
1322 1403 1473 1482 quid·
1492 1399 1599 1482 ipss

393 1487 566 1547 domo
589 1489 722 1547 mihi
737 1507 879 1566 opus
904 1486 997 1562 est,
1018 1489 1227 1546 carenti
1252 1486 1424 1548 foi-0¹?
1452 1491 1597 1548 occi·

393 1572 610 1646 dimus,
639 1574 967 1646 occidimuz,
1000 1575 1207 1648 Attice,
1240 1574 1361 1651 jam
1394 1575 1601 1654 pridem

397 1678 504 1716 nos
529 1657 777 1735 quidem«,
811 1657 903 1717 sed
941 1679 1093 1718 nunc
1118 1659 1376 1734 fatemur,
1422 1659 1600 1740 postea

397 1763 562 1821 quam
583 1749 779 1816 u'num,
807 1763 925 1822 quo
940 1746 1281 1817 tenebamur,
1310 1743 1600 1806 amifinius-

397 1829 584 1907 itaque
607 1827 927 1887 solitudines
958 1828 1157 1908 sequor
1175 1852 1195 1888 z
1231 1846 1289 1889 et
1328 1847 1535 1904 tamen,
1566 1829 1603 1888 fi

397 1933 509 1992 qua
527 1934 613 1972 me
633 1933 720 1972 res
743 1909 842 1972 ist&
862 1915 1177 1990 adduxerit,
1198 1917 1405 1989 enitar,
1438 1915 1477 1974 fi
1492 1935 1604 1994 quo
1684 1915 1686 1922 '

400 1999 572 2058 modo
590 2007 808 2078 potero,
831 1997 1064 2078 (potero
1088 2005 1299 2074 autem)
1320 2017 1385 2060 ut
1398 2016 1604 2080 praeter
1684 2009 1686 2020 ⁴

400 2104 488 2142 me
505 2083 938 2144 nemodolorem
956 2105 1139 2143 meum
1156 2086 1386 2145 seriti'atz
1436 2086 1474 2144 fi
1490 2085 1601 2144 ullo

398 2169 574 2228 modo
595 2171 823 2247 poterit,
837 2189 909 2229 ne
924 2184 983 2227 tu
1002 2171 1245 2248 quidem.
1272 2187 1433 2249 atque
1442 2171 1602 2230 etiam

399 2253 496 2314 illa
539 2253 698 2312 causa
719 2253 794 2312 est
825 2273 951 2312 non·
966 2255 1250 2314 veniendi.
1296 2256 1605 2329 meministi,

399 2337 536 2415 quid
557 2357 634 2394 ex·
645 2355 700 2396 te
711 2338 935 2396 Aledius
958 2339 1267 2418 quaesieritt
1292 2343 1425 2419 quin
1442 2343 1605 2401 etiam

400 2441 556 2484 nune
571 2422 777 2481 molesti
798 2422 957 2483 suntae
986 2426 1123 2502 quid
1143 2424 1440 2498 existimas,
1454 2424 1493 2484 fi
1508 2447 1601 2486 ve-

402 2507 586 2570 nero?
634 2507 702 2568 de
729 2511 996 2594 Terentia
1044 2511 1123 2574 ita
1144 2532 1279 2574 cura
1302 2527 1365 2572 ut
1388 2509 1609 2588 scribi-»3
