1700 3084
307 91 422 162 726
575 93 1228 154 emsa-omnum

537 298 794 340 crosno
827 299 1086 341 arrico
1128 300 1275 343 sar..

385 368 606 442 Saepius
628 366 848 442 mejam
872 369 1065 442 agitas,
1080 366 1229 445 quod
1246 362 1359 426 re‘m
1376 368 1497 443 ges·
1519 397 1569 440 ,ς

298 464 411 509 tam
437 451 748 511 Dolabellae
771 454 937 512 nimis
976 454 1035 511 in
1066 452 1273 511 caelum
1304 454 1499 513 videar

295 532 506 595 efferre.
553 557 658 614 ego
673 553 876 613 autem,
890 558 1207 615 quanquam
1224 535 1346 597 sane
1362 558 1502 617 pro·

299 622 374 679 bo
415 621 640 695 faetum,
681 638 865 682 tamen
906 636 967 681 ut
992 638 1281 701 tantopere
1306 624 1501 684 lauda-

299 726 438 781 rem,
463 708 724 767 addue‘tus
755 708 869 767 snm
894 710 1005 767 tuis
1036 711 1185 781 unis,
1215 725 1269 767 et
1301 708 1501 770 alteris

295 792 490 853 literis·
523 792 616 854 sed
629 809 806 855 totum
832 794 883 855 se
897 814 928 853 a
952 810 1006 853 te
1028 794 1354 853 abalienavit
1373 804 1500 854 Do-

292 876 512 951 labella,
529 900 590 937 ea
613 880 680 939 de
695 879 875 953 eausa,
906 900 1015 959 qua
1028 900 1117 938 me
1146 900 1371 960 quoque
1400 879 1503 941 fibi

292 964 714 1025 inimiciffimum
729 964 989 1027 reddidit.
1036 967 1075 1025 ὁ
1093 968 1373 1025 hominem
1390 988 1499 1044 pu-

293 1049 538 1109 dentem!
560 1050 776 1111 kaiend.
799 1060 931 1127 Jan.
950 1052 1158 1123 debuit3
1182 1051 1357 1115 adhuc
1372 1072 1501 1113 non

294 1134 499 1210 solvit,
522 1136 830 1215 praesertim
859 1139 985 1197 etim
1018 1137 1069 1197 se
1094 1139 1335 1197 maximo
1366 1159 1496 1198 aere

292 1222 475 1283 alieno
500 1225 711 1281 Faberii
739 1243 907 1282 manu
932 1224 1198 1296 liberarit,
1240 1238 1297 1281 et
1325 1243 1495 1301 opem

291 1312 365 1371 ab
381 1328 450 1369 eo
466 1310 700 1389 petierit.
744 1309 877 1368 licet
894 1312 1041 1369 enim
1066 1310 1268 1387 jocari,
1310 1328 1381 1367 ne
1403 1328 1497 1369 me

291 1395 450 1455 valde
464 1396 855 1455 conturbatum
874 1412 1053 1474 putes,
1098 1411 1265 1474 atque
1294 1414 1399 1471 ego
1422 1396 1493 1455 ad

290 1502 417 1541 eum
470 1500 544 1541 v1
565 1503 587 1542 1
611 1502 634 1543 1
679 1482 804 1541 idus
835 1482 1020 1541 literas
1059 1481 1317 1541 dederam·
1350 1483 1493 1540 bene

286 1570 474 1627 mane:
491 1568 688 1626 eodem
711 1583 893 1627 autem
910 1569 994 1628 die
1010 1582 1129 1626 tuas
1158 1567 1343 1625 literas
1368 1566 1490 1626 ves-

285 1655 404 1732 peri
421 1672 729 1731 acceperam
748 1656 806 1713 in
824 1655 1182 1730 Pompeiane,
1208 1651 1333 1711 sane
1346 1653 1491 1712 cele-

286 1740 448 1811 riter,
463 1740 630 1797 tertio
646 1742 742 1799 abs
759 1756 814 1798 te
843 1740 955 1799 die.
1004 1738 1112 1814 sed,
1147 1753 1207 1795 ut
1240 1737 1309 1796 ad
1340 1752 1395 1797 te
1418 1760 1491 1799 eo

288 1823 408 1904 ipso
445 1825 535 1885 die
558 1822 903 1903 scripseram,
944 1824 1072 1883 satis
1112 1824 1383 1883 aculeatas
1416 1824 1489 1884 ad

283 1910 631 1971 Dolabellam
670 1910 855 1971 literas
894 1910 1043 1969 dedi:
1080 1928 1221 1987 quae
1257 1906 1293 1967 fi
1347 1910 1489 1968 nihil

286 1996 641 2073 profecerint,
653 2018 722 2076 pu
729 2012 790 2057 to
804 1996 945 2070 fore,
964 2011 1026 2055 ut
1042 2016 1129 2054 me
1150 1991 1486 2073 praesentem

282 2104 406 2143 non
449 2080 718 2142 sustineat.
767 2083 1065 2141 Albianum
1103 2096 1159 2138 te
1192 2078 1486 2139 confeciffe

283 2170 542 2227 arbitror.
589 2167 658 2225 de
686 2168 1007 2227 Petulciano
1040 2167 1289 2237 nomine,
1318 2166 1485 2241 quod

283 2255 417 2313 mihi
435 2251 801 2331 suppeditatur,
825 2274 907 2326 ee,
929 2252 1275 2329 gratissimum
1306 2249 1403 2323 est,
1426 2247 1485 2310 e't

281 2338 448 2407 limile
464 2354 685 2396 tuorum
702 2341 974 2397 omnium.
1021 2336 1110 2396 sed
1126 2356 1232 2412 ego
1251 2342 1482 2395 Erotem

280 2425 352 2485 ad
371 2422 467 2483 ista
497 2422 833 2504 expedienda
866 2422 1071 2483 factum
1092 2424 1227 2483 mihi
1248 2419 1485 2482 videbar
