1700 3084
365 197 483 254 620
623 189 1296 248 EPISTOLARUM

362 295 604 368 nostrae,
611 289 923 368 praesertim
944 284 1259 348 adversario
1266 300 1325 346 et
1344 283 1563 366 cupido,

361 401 422 448 et
445 380 741 459 locuplete,
773 391 829 436 et
853 375 1071 435 herede.
1120 375 1445 452 proximum
1473 372 1566 450 est,

363 487 430 534 ut
441 469 608 530 velim
623 463 873 525 Clodiae.
919 459 1032 535 sed,
1048 459 1089 518 fi
1110 458 1205 518 ista
1225 461 1415 520 minus
1434 481 1565 520 con-

362 559 455 620 fici
473 551 718 634 poffimt‚
749 549 901 609 effice
917 546 1162 624 quidvis.
1210 567 1315 622 ego
1340 567 1429 606 me
1456 567 1567 606 ma..

353 647 484 727 jore
499 639 792 717 religione,
813 655 979 714 quam
1001 629 1250 712 quisqam
1282 633 1569 692 fuitullius

359 733 484 794 voti
489 726 820 805 ,obsti-ieiuni
837 737 996 802 puto.
1015 718 1230 780 videbis
1246 721 1411 778 etiam
1424 726 1568 779 Tre-

361 819 666 880 bonianos=
684 809 778 870 etfi
795 807 990 867 absunt
1020 806 1257 864 domini.
1308 805 1400 864 sed
1424 804 1568 868 utad

361 920 422 965 te
435 904 554 961 heri
572 893 1139 977 seripfi‚confiderabis
1162 892 1329 950 etiam
1344 891 1415 951 de
1428 890 1569 952 Tus-

281 1041 298 1059 .
359 990 586 1060 eulan03
607 991 678 1044 fie
693 983 859 1044 aestas
876 979 1075 1040 effluat:
1102 980 1257 1060 quod
1276 993 1431 1038 certe
1450 997 1569 1039 non

361 1076 437 1140 est
457 1070 941 1137 committendum.

589 1263 852 1305 orel-:Ro
880 1259 1160 1300 ,Αττιοο
1190 1259 1342 1299 SAL.

447 1335 526 1394 Et
557 1333 806 1392 Hirtium
836 1327 1041 1406 aliquid
1058 1327 1125 1386 ad
1148 1343 1203 1384 te
1219 1337 1473 1396 συμπαθῶς
1496 1325 1557 1386 de
1573 1353 1618 1399 44

363 1442 454 1484 me
469 1416 720 1499 scripfiffe
735 1415 895 1476 facile
907 1416 1109 1494 patior;
1130 1411 1287 1482 (fecit
1302 1414 1453 1472 enim
1467 1417 1559 1471 hu·

364 1512 553 1582 mane)
581 1519 639 1564 et
667 1521 722 1563 te
759 1503 881 1579 ejus
905 1499 1185 1578 epistolam
1222 1498 1292 1558 ad
1322 1520 1413 1559 me
1450 1519 1559 1558 non

362 1592 574 1667 ιιτιίίὶΗέ,
591 1591 767 1651 multo
781 1587 1023 1648 facilius:
1042 1602 1101 1646 tu
1118 1587 1267 1644 enim
1288 1587 1451 1644 etiam
1466 1589 1563 1644 hu-

361 1682 605 1742 numnius.
652 1677 801 1735 illius
825 1675 1049 1748 librum,
1081 1693 1245 1752 quem
1262 1671 1331 1730 ad
1360 1675 1557 1731 memi-

359 1765 426 1830 fit
439 1765 510 1825 de
525 1772 763 1837 Catone,
788 1775 1079 1842 propterea
1095 1758 1227 1818 volo
1246 1757 1513 1836 divulgari
1528 1779 1559 1818 a

361 1855 496 1928 tuis„
515 1868 660 1911 utex
683 1849 909 1909 istorum
936 1847 1349 1926 vituperatione
1372 1842 1437 1903 fit
1458 1843 1555 1904 illi-

361 1941 632 2018 usmajor
651 1937 917 1996 laudatio,
967 1932 1121 2012 quod
1145 1953 1240 2011 per
1256 1929 1557 1992 Mustenam

360 2030 478 2107 agis
493 2071 512 2102 ‚
549 2027 716 2085 habes
754 2022 1041 2081 hominem
1078 2018 1242 2079 valde
1272 2017 1549 2090 idoneum,

359 2117 578 2193 meique
595 2109 720 2170 sane
736 2105 1159 2184 studiosumjam
1180 2103 1311 2164 inde
1326 2125 1357 2162 a
1369 2106 1551 2164 Ponti·

358 2222 494 2262 anu.
541 2197 738 2278 perfice
767 2196 936 2272 igitur.
956 2191 1183 2271 aliquid.
1232 2189 1365 2270 quid
1384 2206 1549 2250 autem

356 2285 530 2363 aliud,
551 2282 650 2343 nifi
668 2297 726 2340 ut
743 2281 922 2340 aditus
938 2278 1002 2338 fit
1013 2278 1282 2358 emptori?
1298 2278 1449 2354 quod
1462 2297 1548 2357 per

357 2371 610 2454 quemvis
632 2366 885 2427 heredem
914 2365 1091 2444 potest
1112 2364 1276 2424 effici:
1296 2362 1384 2423 sed
1408 2361 1544 2424 Mus-

354 2457 545 2517 tellam
579 2453 635 2512 id
655 2452 1044 2532 perfefiurum,
1073 2450 1111 2510 fi
1130 2451 1367 2528 rogaris,
1396 2465 1541 2530 puto.

355 2543 494 2604 mihi
511 2559 645 2602 vero
661 2553 718 2599 et
745 2537 957 2618 locum,
978 2557 1143 2618 quem
1184 2550 1351 2619 epte,
1378 2536 1447 2599 ad
1470 2536 1543 2614 id,
