1700 3084
375 165 503 236 576
655 130 1321 222 EprsToLARUM

363 263 548 338 aetiam
569 262 636 319 'in
661 262 891 322 aliorum
914 281 1010 340 per
1026 261 1283 322 librarios
1302 281 1459 338 tuoe,
1480 261 1599 324 ‘A-

373 348 401 378 ‘
421 347 802 427 ristopbanem'
837 345 1139 426 reposueris
1159 369 1261 427 pro
1301 350 1319 380 ‘
1340 349 1597 428 Eupoli.’

375 432 583 492 Caesar
635 449 818 494 autem
864 435 998 492 mihi
1052 433 1281 495 irridere
1324 433 1477 496 visus
1518 434 1597 496 est

369 517 639 598 ‘quaeso'
681 520 816 580 illud
845 535 1026 592 tuum,
1065 520 1219 598 quod
1262 537 1383 580 erat
1420 530 1593 587 εὖπηὲς

301 599 306 603 ’
363 621 436 664 -et
467 608 758 666 urbanum.
805 607 883 666 ita
918 625 1087 684 porro
1110 621 1165 664 te
1190 604 1301 667 line
1324 629 1459 668 cura
1487 607 1593 670 essb

359 692 544 770 justit,
561 708 624 750 ut
641 693 774 750 mihi
791 690 1011 770 quidem
1034 691 1443 752 dubitationem
1466 714 1589 755 om-

375 799 510 838 nem
541 779 781 838 tolleret.
831 778 1077 836 Atticam
1108 777 1275 838 doleo
1305 794 1421 838 tam
1458 779 1584 844 diue

343 906 356 920 .
374 864 468 922 sed
493 867 757 943 quoniam
779 864 899 941 jam
926 861 1039 922 fine
1058 865 1295 924 horrore
1309 863 1408 941 est,
1430 863 1588 946 spero

366 948 504 1027 effe,
521 969 584 1012 ut
598 950 879 1013 volumus,

607 1116 869 1184 cicano
894 1141 1168 1187 Arrrco
1192 1142 1350 1186 sar„

466 1217 624 1284 Quae
645 1208 931 1284 defideraa,
963 1213 1156 1270 omnia
1177 1207 1358 1289 scripsi
1398 1210 1460 1270 in
1485 1229 1586 1270 eo·
1610 1241 1637 1287 7

369 1293 604 1370 dicillis,
651 1293 850 1374 eosque
890 1298 1051 1356 Eroti
1100 1293 1265 1370 dedi,
1308 1297 1590 1369 breviter,

375 1365 469 1444 fed
507 1383 676 1442 etiam
713 1382 871 1461 plura
908 1403 1075 1460 quam
1112 1383 1373 1460 quaeris;
1422 1383 1483 1442 in
1520 1384 1588 1442 iis

373 1469 451 1530 de
477 1471 790 1530 Cicerones
835 1468 995 1545 cujus
1034 1467 1255 1546 quidem
1288 1469 1588 1545 cogitatio-

375 1557 470 1616 nis
521 1557 742 1614 initium
767 1569 830 1614 tu
870 1556 1007 1614 mihi
1050 1553 1297 1614 attulisti.
1362 1554 1587 1614 locutus
1698 1563 1700 1609 Ι

375 1639 496 1700 sum
527 1662 651 1700 cum
671 1662 740 1702 eo
775 1639 1165 1700 liberalissimez
1196 1638 1353 1719 quod
1375 1661 1451 1700 ex
1470 1639 1585 1721 ipso
1696 1635 1698 1681 Ι

371 1725 540 1786 velim
559 1768 579 1800 ‚
623 1725 662 1786 fi
697 1726 871 1788 modo
914 1729 1013 1786 tibi
1044 1729 1151 1786 erit
1186 1727 1583 1802 commodum,
1690 1699 1697 1770 Ἰ

373 1811 660 1879 sciscitere.
702 1812 788 1872 sed
815 1813 950 1892 quid
988 1813 1223 1873 differo!
1274 1812 1511 1892 exposui
1532 1826 1587 1872 te

370 1920 451 1976 ex
479 1921 568 1960 me
609 1899 877 1972 detuliffe,
915 1901 1113 1978 ecquid
1140 1897 1341 1974 vellet,
1384 1898 1586 1978 ecquid
1686 1975 1688 1980 .

374 1988 678 2066 requireret
707 2009 723 2044 ε
752 1986 889 2048 velle
922 1985 1243 2066 Hispaniam
1258 2027 1280 2060 ,
1310 1987 1587 2064 requirere
1684 1981 1689 2044 Ι

377 2072 778 2134 liberalitatem.
807 2071 875 2130 de
892 2071 1239 2144 liberalitate,
1250 2070 1397 2143 dixi,
1409 2091 1587 2150 quan·

378 2173 501 2218 tum
549 2157 836 2233 Publilius,
876 2171 1149 2235 quantum
1194 2158 1401 2216 flamen
1437 2166 1584 2218 Len·

375 2242 530 2302 tulus
546 2243 684 2304 filio.
725 2243 793 2305 de
830 2241 1101 2322 Hispania
1122 2242 1236 2304 duo
1256 2241 1441 2304 attulit
1474 2245 1585 2322 pri·

375 2349 530 2388 mum
573 2329 742 2402 idem,
767 2329 922 2407 quod
958 2331 1083 2403 tibi,
1122 2349 1210 2388 me
1223 2330 1405 2389 vereri
1440 2332 1581 2388 vitu·

375 2415 720 2490 perationem
743 2433 760 2470 ε
807 2435 927 2472 non
951 2412 1079 2474 satis
1094 2413 1196 2474 effe
1216 2412 1257 2474 fi
1276 2417 1411 2474 haec
1438 2436 1581 2474 arma

375 2494 773 2576 reliquiffemue
788 2499 810 2558 2
837 2501 1007 2560 etiam
1020 2502 1305 2562 contraria
1320 2499 1343 2558 ἓ
1392 2499 1581 2564 deinde
