1700 3084
303 195 428 250 AD
469 189 903 250 ATTICUM
924 185 1046 246 Lm.
1074 191 1178 246 XI.
1236 205 1385 263 529·

137 313 266 356 non
298 291 496 371 potui:
542 292 610 350 iis
635 291 850 352 tantum
876 279 1138 368 rescripsi,
1168 311 1201 348 a
1230 293 1355 372 qui·

133 383 246 441 bus
264 397 602 457 acceperam.
617 393 680 436 tu
696 375 864 437 velim
874 393 933 437 et
942 375 1143 451 Bafilo,
1158 392 1213 438 et
1230 381 1354 457 qui-

133 469 244 527 bus
281 481 559 545 praeterea
586 464 889 538 videbitur,
923 465 1087 522 etiam
1124 465 1358 526 Servilio

133 551 484 627 conscribas,
503 564 568 610 ut
590 553 689 610 tibi
708 551 1002 626 videbitur,
1026 569 1152 610 meo
1172 554 1359 612 nomi-

135 662 234 701 ne.
283 638 440 717 quod
470 652 634 697 tanto
655 635 951 698 intervallo
968 637 1361 700 nihilomnino

138 728 212 787 ad
249 746 358 785 vos
381 747 401 797 ς
449 724 700 804 ρτοῖεᾶο
751 723 1021 802 intelligis
1068 745 1183 783 rem
1222 728 1362 787 mihi

139 810 344 885 deesse,
363 811 432 870 de
447 831 558 890 qua
579 808 831 884 scribam,
845 829 965 870 non
990 811 1357 874 voluntatem.

139 898 307 981 quod
337 897 408 958 de
433 898 666 956 Vatinio
687 898 949 977 quaeris:
988 917 1171 976 neque
1190 897 1361 975 illius,

145 1005 336 1066 neque
353 981 670 1062 cujustluam
681 986 814 1043 mihi
835 999 1112 1062 praeterea
1122 983 1364 1046 officium

142 1071 372 1145 deeffet,
403 1071 442 1130 fi
463 1071 702 1150 reperire
724 1069 962 1150 peffent,
986 1091 1095 1149 qua
1118 1073 1177 1130 in
1204 1089 1367 1132 reme

137 1162 434 1239 juvarent.
485 1159 733 1233 Quintus
749 1156 1069 1236 averiiffimo
1086 1179 1117 1216 a
1130 1179 1220 1218 me
1242 1158 1365 1218 ani·

147 1268 246 1306 mo
278 1247 456 1306 Patris
473 1245 598 1304 fuit.
624 1243 824 1304 ebdem
836 1247 1087 1322 Corcyra
1110 1244 1253 1304 filius
1269 1263 1367 1305 ve·

145 1335 260 1394 nit.
307 1331 442 1390 inde
465 1330 743 1412 profeftos
765 1350 863 1393 eos
885 1353 997 1392 una
1022 1352 1147 1392 cum
1186 1347 1369 1415 caete-f

143 1421 227 1481 tis
243 1419 510 1482 arbitror.
1070 1419 1077 1424 '

399 1609 662 1652 cun-:Ro
695 1610 959 1652 ἈττιῸο
996 1611 1148 1654 SAL.

79 1691 110 1738 6
247 1675 560 1738 Sollicitum
589 1675 692 1738 esse
722 1693 777 1738 te
792 1700 916 1739 cum
940 1680 1049 1738 tuis
1068 1673 1373 1741 eommuni-

151 1764 368 1844 busque
390 1765 657 1840 fortunis,
692 1781 812 1824 tum
831 1769 1071 1825 maxime
1092 1766 1160 1825 de
1181 1787 1288 1840 me,
1308 1787 1374 1827 ae

153 1853 224 1914 de
239 1852 440 1912 dolore
451 1873 598 1927 mec,
617 1851 796 1912 sentio
813 1871 834 1910 τ
856 1851 1189 1932 quiquidem
1207 1852 1374 1912 dolor

153 1959 316 2001 meus
340 1959 458 1997 non
475 1938 648 1998 modo
693 1959 813 1998 non
830 1940 1119 2014 minuitur,
1138 1959 1267 1999 eum
1286 1937 1375 1997 so·

153 2029 308 2087 cium
330 2024 428 2088 fibi
439 2025 693 2104 adjungit
707 2025 959 2085 dolorem
974 2040 1155 2100 tuum,
1168 2023 1255 2084 sed
1272 2023 1376 2084 eti·-

157 2134 250 2172 am
281 2125 534 2190 augetur.
579 2115 817 2170 omnino
843 2131 947 2192 pro
968 2127 1065 2170 tua
1084 2113 1377 2190 'prudentia

155 2199 359 2273 sentis,
390 2218 501 2277 qua
530 2196 915 2258 consolation-e
934 2197 1109 2258 levari
1134 2201 1378 2260 maxime

161 2285 354 2366 poffim
364 2329 376 2342 .
393 2285 596 2364 probas
607 2287 752 2344 enim
768 2302 949 2343 meum
964 2283 1249 2345 confilium
1254 2306 1378 2361 ‚ne-

160 2370 366 2450 gasque
384 2373 518 2429 mihi
543 2369 842 2450 quidquam
872 2370 972 2430 tali
1000 2386 1249 2451 tempore
1276 2391 1381 2452 po-

159 2460 278 2517 tius
303 2457 621 2517 faciendum
643 2453 816 2517 fuiffe.
835 2457 993 2516 addis
1008 2459 1171 2516 etiam
1195 2453 1381 2534 (quod

161 2542 262 2604 etsi
285 2544 426 2604 mihi
442 2539 726 2621 leviusest,
741 2563 908 2622 quam
923 2557 1079 2604 tuum
1090 2542 1384 2622 judicium,

743 2636 788 2690 F
841 2649 877 2691 2
