1700 3084
225 185 344 244 514
449 229 456 237 ,
539 163 879 226 EPISTO
904 170 1221 230 LARUM

227 287 304 332 ex
318 266 590 343 doeh-ina,
605 288 784 346 neque
800 288 874 328 ex
885 269 1065 329 libris.
1092 289 1220 330 nam
1248 264 1303 326 id
1326 269 1457 346 qui-

234 343 362 416 dem
385 355 536 414 domi
561 353 675 428 est;
701 354 793 415 sed
815 354 1001 418 nescio
1017 375 1133 436 quo
1154 352 1358 415 modo
1342 375 1451 414 ωι-

236 431 488 501 bec‘illior
529 440 604 500 est
648 441 941 518 medicina,
981 462 1143 522 quam
1180 443 1451 500 morbus·

235 530 370 586 haec
391 528 580 606 potius
608 530 900 607 conquire,
942 528 1013 588 de
1050 525 1356 607 Hispaniis,
1388 527 1459 586 de

238 613 504 673 Manilia·
489 657 504 672 .
552 634 694 693 quae
709 613 930 694 quidem
962 613 1089 674 satis
1105 613 1249 672 bel-la
1272 613 1455 673 Servi-

241 719 310 759 us
331 697 518 774 afferte
533 703 628 780 qui
645 703 810 760 etiam
825 699 896 760 de
914 699 1125 760 duabus
1142 699 1455 777 legionibus

239 781 554 847 luculentos
577 791 828 848 anesten-es
851 786 956 846 effe
971 786 1205 846 dicebat.
1258 789 1395 846 haec
1408 787 1456 844 i·

245 875 394 952 gitur
414 871 453 934 fi
475 875 720 950 babebis,
735 889 792 934 et
813 873 965 935 talia.
1013 888 1071 932 et
1086 871 1304 952 quidem
1322 893 1458 952 pau-

244 961 324 1022 cis
341 960 534 1024 diebus
563 960 768 1040 ahquid
791 960 968 1020 audiri
997 959 1203 1019 neceffe
1224 957 1321 1018 est.
1367 955 1458 1018 sed

249 1046 415 1116 xedeo
452 1046 522 1106 ad
561 1048 832 1108 Servium.
876 1046 1180 1107 distulimus
1218 1046 1463 1105 omnino

249 1132 554 1194 sermonem
567 1136 628 1192 in
642 1132 937 1213 posterum:
965 1132 1051 1192 sed
1070 1131 1255 1191 tardus
1272 1131 1344 1190 ad
1360 1151 1463 1191 ex-

185 1226 192 1234 ’
251 1219 527 1283 eundumz
551 1220 732 1280 multo
762 1218 814 1280 se
837 1223 899 1279 in
925 1218 1019 1279 suo
1042 1219 1243 1278 ledkulo
1276 1217 1465 1292 malle,

251 1305 527 1386 quidquid
571 1305 739 1367 foret.
816 1305 1041 1366 odiosus
1078 1303 1365 1384 scrupulus
1394 1303 1469 1364 de

249 1391 350 1456 filii
372 1393 568 1454 militia
589 1391 951 1452 Brundusma.
994 1412 1170 1452 unum
1192 1390 1331 1450 illud
1370 1388 1468 1450 fit·

253 1471 477 1554 ssiffime
497 1478 846 1554 asseverabat,
876 1477 915 1538 fi
950 1478 1195 1539 damnati
1226 1475 1473 1538 restitue·

257 1568 550 1643 {exungia
574 1565 799 1626 exilium
815 1564 1113 1626 sciturum.
1160 1584 1265 1624 nos
1283 1580 1473 1624 autem

255 1647 494 1730 adhaec,
515 1668 572 1713 et
594 1650 650 1711 id
674 1650 845 1732 ipsum
872 1667 1025 1712 certo
1054 1651 1195 1726 fore,
1222 1665 1303 1726 et,
1330 1669 1477 1730 quae

251 1739 372 1826 jam
394 1732 638 1813 fiebant,
647 1760 768 1798 non
790 1738 894 1798 effe
915 1739 1161 1810 leviora;
1186 1736 1479 1817 multaque

257 1817 669 1926 cblligebamuS.
717 1841 911 1885 verum
934 1845 995 1884 ea
1012 1844 1130 1884 non
1146 1825 1391 1883 animum
1406 1842 1471 1882 e-

251 1913 348 1990 jus
373 1914 670 1996 augebant,
696 1909 786 1971 sed
811 1914 1091 1986 timorem,
1141 1926 1207 1970 ut
1234 1911 1357 1989 jam
1380 1929 1475 1968 ce·

257 1998 456 2062 landus
481 2002 654 2078 magis
691 1998 763 2058 de
795 1997 983 2059 nostro
1008 1994 1261 2072 confilio,
1301 2016 1475 2076 quam

259 2065 330 2146 a'd
359 2079 504 2145 idem
535 2085 831 2146 videretur.
880 2105 1051 2166 quare
1090 2085 1151 2144 in
1190 2087 1300 2144 hoc
1348 2102 1475 2144 non

258 2163 490 2234 m'ultum
512 2169 607 2231 est.
655 2193 764 2237 nos
805 2193 837 2234 a
859 2189 915 2234 te
942 2167 1215 2236 admoniti
1236 2169 1307 2233 de
1330 2175 1477 2232 Cae·

258 2251 338 2319 li'o
357 2259 746 2338 cogitabimus-
