1700 3084
287 139 416 192 AD
443 136 888 194 ATTICUM
914 140 1033 195 Lm.
1082 141 1215 198 ΧΠ.
1262 156 1371 214 597

133 252 252 310 ego
267 227 580 291 meminiss'e
595 233 885 308 videon-,an
896 234 1036 314 post.
1054 237 1187 296 item
1204 257 1373 316 quae·

141 339 212 378 ro
235 319 310 377 de
341 317 589 395 Regillo,
623 320 820 399 Lepidi
847 319 988 395 filio,
1010 325 1228 380 restene
1257 344 1373 382 me·

139 407 442 476 minei-im,
466 419 622 480 patre
637 407 772 464 vivo
788 421 1093 468 mortuum.
1114 405 1377 488 Cispiana

139 490 494 568 explicabi3‚
526 492 764 568 itemque
781 495 1089 552 Praetiana.
1134 493 1205 552 de
1223 497 1375 556 Atti·

135 578 454 656 caoptime
477 579 544 634 it.
584 577 634 634 ei
663 575 889 636 salutem
908 577 1081 652 dices,
1100 595 1157 638 et
1180 579 1367 642 Piliae.

389 680 656 720 menno
695 682 957 724 Δττιοο
1004 685 1157 726 sn..

57 771 114 814 25
243 745 474 826 Scripfit
489 747 557 806 ad
589 768 675 806 me
689 747 981 825 diligenter
994 753 1115 810 Sica
1130 750 1197 810 de
1214 751 1371 830 silio,

139 833 412 914 stquead
443 847 498 892 te
523 853 634 894 rem
649 833 927 894 detuliffez
966 835 1118 914 quod
1135 853 1193 896 tu
1226 835 1370 898 idem

137 919 371 984 scribis.
419 921 556 978 mihi
585 935 642 978 et
671 941 758 980 res
787 937 845 980 et
880 921 1133 982 conditio
1164 923 1369 1002 placet,

137 1005 238 1070 sed
267 1008 377 1079 ita,
415 1019 480 1064 ut
496 1021 790 1066 numerato
806 1007 1014 1082 malim,
1038 1028 1201 1087 quam
1218 1007 1369 1069 aesti-

137 1095 442 1154 matione:
487 1091 828 1170 voluptarias
851 1096 1001 1152 enim
1024 1093 1369 1173 poffeffiones

137 1179 314 1239 nolet
345 1178 530 1237 Silius.
592 1178 947 1256 vectigalibus
974 1193 1155 1240 autem
1188 1197 1250 1240 ut
1278 1183 1367 1242 his

143 1261 374 1345 possum
396 1260 500 1322 effe
526 1279 853 1340 contentus,
883 1285 1023 1346 quae
1054 1268 1256 1340 haben,
1294 1265 1367 1328 fic

141 1353 256 1411 vix
283 1350 619 1411 minoi-ibus.
667 1350 814 1413 unde
851 1371 987 1429 ergo
1031 1353 1363 1414 numerato?

145 1441 276 1500 H·S
307 1454 394 1494 Dc
421 1439 694 1514 exprimes
725 1438 794 1496 ab
819 1441 1192 1514 Hermogene,
1234 1459 1363 1500 cum

145 1519 469 1602 praesertim
505 1521 710 1582 neceffe
737 1525 881 1582 erit=
934 1539 989 1582 et
1012 1523 1165 1583 domi
1195 1523 1363 1586 video

145 1605 256 1668 effie
279 1613 400 1668 H-S
423 1627 462 1666 n
477 1626 534 1667 e.
563 1609 812 1688 reliquae
847 1611 1109 1690 pecuniae
1128 1609 1215 1669 vel
1236 1608 1364 1670 usw-

146 1713 274 1754 ram
293 1693 430 1754 Silio
449 1694 771 1774 pendemus»,
793 1695 925 1756 dum
946 1715 979 1755 a
992 1697 1249 1769 Faberio,
1268 1695 1360 1756 vel

147 1782 226 1839 ab
239 1777 450 1858 aliquo,
476 1781 574 1856 qui
594 1784 821 1842 Faberio
853 1782 1035 1855 debet,
1052 1781 1362 1860 repraesen-

149 1867 416 1928 tabimus.
440 1866 547 1926 erit
559 1869 722 1926 etiam
739 1867 945 1946 aliquid
968 1867 1241 1930 alicunde.
1269 1866 1363 1928 sed

151 1967 334 2016 totam
358 1971 470 2012 rem
496 1966 556 2010 tu
571 1955 917 2030 gubernabis.
964 1949 1251 2012 Drufianis
1264 1973 1363 2012 ve·

151 2059 224 2098 ro
257 2041 361 2097 hos
397 2040 576 2098 hortis
609 2039 788 2098 multo
817 2053 1142 2118 antepono=
1181 2055 1364 2117 neque

157 2122 288 2184 sunt
303 2143 543 2202 unquam
560 2127 858 2202 comparati
869 2168 884 2184 .
903 2125 1037 2184 mihi
1054 2124 1232 2197 crede,
1249 2143 1363 2184 una

153 2230 246 2271 me
263 2207 414 2270 causa
425 2213 698 2285 movet,in
715 2231 825 2291 qua
835 2209 947 2270 scio
962 2230 1049 2270 me
1059 2219 1356 2280 τετυφόσθαι.

154 2293 274 2370 sed,
285 2310 348 2353 ut
359 2295 493 2354 facis
498 2339 518 2371 ‚
533 2294 832 2375 obsequere
845 2298 979 2356 huic
992 2297 1195 2357 ert-rori
1210 2313 1358 2360 meo·

156 2401 288 2444 nam
315 2381 463 2460 quod
498 2380 685 2444 scribis
717 2389 994 2457 ἔπγῆραμας
1040 2388 1219 2446 aetum
1238 2381 1360 2460 jam

153 2465 340 2532 deisto
359 2465 433 2530 est
447 2491 477 2531 ι
514 2468 621 2532 alia
638 2471 814 2549 magis
829 2485 1060 2548 quaere.
