1700 3084
384 203 504 258 AD
529 201 759 256 ΑΤΤῙ
781 199 969 256 CUM
988 201 1109 258 Lm.
1137 203 1241 258 x1.
1277 211 1394 278 547

167 297 482 360 scriberes:
505 319 631 366 nam
649 314 704 357 et
724 319 955 377 aequum
981 297 1254 378 postulant
1275 324 1292 374 ;
1317 319 1396 377 et,

169 386 462 466 quidquid
483 384 698 462 egisses,
735 391 879 444 recte
907 384 1013 443 effe
1041 391 1215 444 aetum
1236 403 1394 467 puta-

169 493 328 534 rem.
375 473 444 532 de
459 471 638 530 fundo
653 470 919 530 Frusinati
936 472 1257 533 redimendo
1276 474 1395 552 jam

169 559 400 640 pridem
446 557 758 618 intellexisti
793 557 1141 618 voluntatem
1176 579 1393 634 meam;

171 644 282 705 etfi
311 659 434 704 tum
459 643 686 703 meliore
706 646 834 703 loco
866 664 953 702 res
984 661 1141 703 erant
1156 646 1396 723 nostrae,

171 749 372 810 neque
393 745 510 790 tam
529 732 672 788 mihi
703 729 1043 808 desperatum
1073 733 1143 790 iti
1173 732 1395 791 videba-

173 832 303 889 tur3
346 830 532 875 tamen
555 819 614 874 in
637 815 824 874 eadem
839 815 957 876 sum
978 817 1291 878 voluntate.
1338 817 1397 879 id

173 900 654 983 quemadmodum
665 901 786 976 fiat,
801 918 861 962 tu
878 901 1109 962 videbis.
1136 919 1191 962 et
1204 903 1397 980 velim,

177 988 376 1070 quoad
399 991 634 1068 poteris,
662 986 991 1062 confideres,
1035 1005 1097 1047 nt
1124 988 1211 1062 fit,
1250 989 1399 1051 unde

177 1079 356 1140 nobis
397 1073 806 1160 suppeditentur
829 1073 1073 1155 sumptus
1098 1075 1395 1139 neceffarii.

181 1161 224 1224 fi
239 1183 382 1242 quas
400 1163 685 1221 habuimus
703 1155 989 1222 facultates
996 1182 1115 1234 ‚eas
1134 1165 1398 1244 Pompeio

181 1264 333 1322 tum,
349 1268 476 1310 cum
499 1247 557 1309 id
578 1248 897 1308 videbamur
910 1247 1179 1328 sapienter
1202 1249 1399 1325 facere,

183 1334 511 1396 detulimus.
559 1337 742 1414 itaque
771 1350 888 1393 tum
918 1349 975 1394 et
1001 1356 1032 1394 a
1069 1351 1171 1394 tuo
1210 1334 1397 1395 &illico

185 1410 536 1501 fiampfimus,
566 1438 622 1480 et
659 1421 881 1482 aliunde
910 1423 1146 1480 mutuati
1193 1419 1400 1496 summ,

186 1527 318 1569 cum
337 1511 585 1583 Quintus
601 1521 917 1586 quereretur
932 1515 1044 1586 ‘per
1069 1506 1280 1582 literas„
1304 1505 1401 1567 fibi

189 1615 302 1655 nos
330 1594 468 1654 nihil
490 1592 727 1667 dediss'e3
775 1596 869 1673 qui
888 1613 1069 1673 neque
1087 1597 1155 1655 ab
1180 1593 1281 1654 illo
1306 1613 1400 1653 ro-

192 1684 309 1759 gati
327 1679 533 1756 summ,
558 1701 738 1759 neque
768 1679 865 1760 ipfi
896 1701 1014 1739 eam
1037 1683 1325 1760 pecuniam
1341 1699 1400 1738 a·

194 1767 495 1849 speximus.
514 1766 601 1826 sed
629 1767 791 1826 velim
813 1767 1005 1826 videas
1022 1766 1155 1846 quid
1170 1767 1237 1827 fit
1248 1764 1401 1845 quod

195 1853 398 1916 confici
417 1853 596 1934 poffit,
619 1853 867 1932 quidque
890 1855 1021 1912 mihi
1044 1853 1115 1912 de
1140 1853 1401 1912 omnibus

195 1939 296 2001 des
332 1939 652 2002 confiliieet
675 1938 891 2000 causam
920 1937 1085 1998 nosti.
1143 1939 1301 2017 plura
1328 1957 1403 1997 ne

197 2025 428 2088 scribam
457 2026 652 2086 dolore
691 2026 983 2105 impedior.
1046 2023 1087 2084 fi
1112 2024 1247 2103 quid
1277 2025 1404 2100 erit,

197 2113 354 2192 quod
379 2111 448 2170 ad
479 2130 622 2191 quos
647 2109 994 2172 scribendum
1018 2132 1144 2170 meo
1174 2111 1407 2170 nomine

193 2215 381 2282 putes,
404 2199 590 2271 velim,
620 2213 684 2257 ut
715 2197 883 2274 soles,
912 2197 1081 2258 facias
1100 2221 1119 2257 z
1164 2194 1405 2277 quoties-

189 2305 310 2367 que
323 2286 548 2344 habebis
578 2285 668 2344 cui
695 2283 817 2360 des,
832 2285 903 2347 ad
916 2305 1005 2348 me
1018 2284 1201 2348 literas
1224 2283 1405 2347 nolim

201 2372 627 2456 praetermittas.
673 2369 820 2435 vale.
