1700 3084
315 161 430 226 608
597 155 1263 218 EPISTULARUM

317 257 478 334 cujus
493 255 604 316 loci
617 255 1011 318 detractionem
1044 254 1163 314 fieri
1184 253 1344 327 velit3
1376 254 1555 335 quod

320 344 474 404 enim
491 339 702 418 scribis,
717 343 975 416 extremi,
998 339 1145 415 vide,
1164 361 1236 400 ne
1250 343 1301 400 is
1316 340 1442 421 ipse
1460 342 1557 402 lo·

321 449 422 492 cus
452 427 538 504 fit,
582 429 740 506 cujus
761 428 929 488 causa
956 425 1027 486 de
1055 442 1178 486 tota
1199 447 1283 502 re,
1312 443 1381 486 ut
1416 427 1562 504 scis,

322 513 399 594 est
427 537 459 574 a
482 516 648 574 nobis
669 514 995 590 cogitatum.
1041 513 1212 572 Hirtii
1244 511 1556 593 epistolam

323 602 427 661 tibi
450 599 589 676 mifi,
603 616 659 660 et
681 614 980 673 recentem,
1004 614 1060 658 et
1077 599 1347 659 benevole
1366 597 1553 680 scrip-

325 702 460 746 tam.
507 702 660 762 ante,
684 706 855 766 quam
880 705 911 744 a
936 699 995 748 te
1008 686 1270 786 proxime
1306 682 1551 762 discessi,

325 792 612 852 nunquam
649 773 787 848 mihi
812 773 971 832 venit
1007 773 1067 830 in
1105 786 1379 848 mentem,
1422 793 1554 852 quo

325 859 451 939 'plus
497 843 832 938 insumptum
882 858 944 918 in
985 873 1419 918 monumentum
1458 857 1543 920 es·

325 944 426 1020 set,
457 965 622 1023 quam
645 942 825 1004 nestio
851 935 1007 1024 quid,
1026 942 1177 1024 quod
1188 942 1307 1021 lege
1328 966 1543 1006 conce-

326 1029 495 1104 ditur,
537 1030 863 1090 tantundem
893 1029 1105 1110 populo
1128 1028 1373 1092 dandum
1396 1029 1541 1092 effi..

326 1117 480 1196 quod
500 1137 616 1176 non
643 1137 978 1196 magnopere
1009 1131 1283 1192 moveret,
1306 1118 1409 1178 nifi
1436 1139 1539 1178 ne·

327 1199 440 1264 fcio
461 1203 770 1282 quomodo,
791 1211 973 1274 ἀλόγως
986 1201 1230 1275 ἱοειείῖἒ,
1242 1203 1451 1265 nollem
1466 1203 1540 1264 il-

325 1289 421 1350 lud
439 1289 555 1350 ullo
571 1291 821 1363 nomine,
825 1288 925 1348 nifi
941 1289 1051 1350 fani
1060 1289 1365 1368 wappellari
1380 1289 1543 1370 quod

326 1374 366 1436 fi
390 1375 671 1452 volumus,
700 1395 895 1436 vereor
912 1395 984 1436 ne
986 1374 1198 1454 affequi
1222 1396 1344 1436 non
1372 1378 1537 1457 poili·

327 1481 478 1536 mue,
524 1461 628 1526 nifi
669 1475 891 1522 mutato
918 1461 1109 1550 loca<
1119 1464 1229 1522 hoc
1252 1458 1415 1541 quale
1445 1461 1544 1540 fit,

327 1546 532 1627 quaeso
552 1546 855 1608 considera.
902 1569 1033 1609 nam
1048 1533 1143 1607 etfi
1157 1549 1343 1608 minus
1373 1570 1537 1628 urge-

328 1655 420 1710 or,
433 1654 628 1713 meque
651 1633 763 1714 ipse
776 1632 1181 1737 propemodum
1196 1634 1417 1715 collegi:
1448 1651 1538 1698 ta·

327 1741 458 1784 men
473 1719 697 1798 indigeo
713 1724 794 1782 tui
810 1719 1045 1782 confilii.
1088 1722 1348 1800 itaquete
1364 1725 1530 1786 vehe-

326 1823 543 1874 menter
573 1809 738 1868 etiam
767 1823 937 1888 atque
967 1811 1135 1870 etiam
1155 1829 1323 1888 rogo,
1357 1811 1537 1887 magis

327 1913 510 1974 quam
513 1915 544 1956 a
563 1913 650 1953 me
664 1896 776 1972 vis,
813 1910 908 1954 aut
930 1898 1137 1976 pateris
1160 1910 1215 1956 te
1236 1899 1443 1975 rogari,
1468 1905 1537 1956 ut

327 1983 474 2043 hanc
488 1983 889 2062 cogitationem
916 1997 1045 2046 toto
1056 1987 1275 2066 pauore
1296 1983 1533 2108 ampiec-

331 2081 472 2130 tare·

552 2259 758 2304 crosa
777 2261 820 2302 o
858 2261 1123 2304 Δττιοο
1161 2259 1313 2303 sm..

417 2331 630 2388 Fanum
647 2327 764 2387 fieri
787 2327 949 2402 volo;
988 2349 1169 2410 neque
1186 2332 1297 2388 hoe
1321 2326 1451 2386 mihi
1474 2347 1531 2387 e·
1554 2326 1615 2378 3⁶

327 2413 417 2470 rui
429 2411 626 2492 potest:
646 2412 877 2492 sepulcri
894 2413 1301 2482 similitudinem
1320 2411 1525 2492 effuge-

325 2515 388 2558 re
402 2517 524 2562 non
543 2513 657 2572 tam
668 2515 899 2583 propter
910 2521 1155 2585 poenam
1164 2502 1303 2585 1egis
1316 2498 1531 2582 studeo,
