1700 3084
302 145 428 200 AD
453 141 887 198 ATTICUM
912 144 1035 198 Lm.
1060 143 1191 200 XII.
1237 151 1351 214 577

147 239 268 303 fore
297 256 361 300 ut
393 255 713 318 angeretur,
757 260 879 300 cum
904 261 937 299 a
966 240 1135 300 fi’atre
1166 239 1365 300 famili·

149 330 458 401 aritate‚·et
481 327 638 385 omni
667 329 844 402 gratia
878 327 1217 386 vinceretur.
1262 345 1361 384 ve-

145 413 248 474 {im
287 415 468 489 magis
501 411 828 470 liberalitate
872 413 957 470 uti
984 431 1103 470 mea
1126 454 1146 486 ‚
1188 431 1363 491 quam

149 498 244 560 sua
268 499 547 558 libertatet
569 495 658 555 sed
685 514 865 556 tamen
884 495 1115 577 pennifi.
1162 499 1265 556 tibi
1300 517 1361 555 e-

148 588 267 644 nim
309 584 692 642 intellexeram
745 603 865 642 non
898 585 1065 642 nimis
1108 582 1363 664 displice·

149 689 230 731 re.
281 671 574 747 egoetiam
595 685 762 748 atque
783 673 949 728 etiam
978 670 1255 746 eogitabO,
1279 683 1363 727 at·

149 775 262 835 que
291 770 360 815 ut
394 754 540 814 idem
561 753 732 815 facias
762 775 927 832 rogo.
974 775 1175 831 magna
1196 775 1284 814 res
1308 769 1369 813 et

149 841 386 921 simplex
415 839 490 899 est
519 860 779 914 manere3
825 840 959 900 iuud
998 859 1221 920 anceps.
1265 859 1377 900 ved·

149 929 274 987 n'un
297 927 634 986 videbimus.
679 927 748 986 de
781 927 955 986 Balbo
976 941 1033 985 et
1056 929 1113 986 in
1138 926 1369 986 codicil-

149 1015 224 1074 iis
249 1010 588 1092 scripseram,
619 1014 766 1072 etita
786 1014 1000 1090 cogito,
1032 1011 1182 1072 fimul
1200 1033 1263 1073 ac
1280 1031 1365 1072 re-

149 1099 342 1160 dierit.
389 1097 470 1158 fin
494 1099 586 1156 ille
600 1099 834 1173 tardius,
858 1120 965 1176 ego
980 1113 1165 1158 tamen
1188 1100 1367 1158 tridu-

151 1206 276 1246 um.
325 1199 406 1260 et,
427 1184 584 1264 quod
598 1187 877 1266 praeterii,
898 1185 1185 1247 Dolabella
1200 1187 1370 1246 etiam

153 1291 398 1333 mecum.

387 1459 662 1517 exemto
695 1461 961 1505 Arnen
994 1462 1141 1504 sax..

93 1550 122 1593 ε
247 1535 344 1590 De
368 1525 640 1588 Cicerone
667 1530 859 1590 multis
894 1549 983 1589 res
1016 1528 1225 1610 placett
1273 1547 1372 1588 co·

152 1636 281 1679 mes
306 1614 383 1674 est
412 1613 666 1677 idoneus.
715 1615 806 1676 sed
827 1615 895 1674 de
912 1617 1089 1696 prima
1112 1613 1373 1696 pensione

157 1719 296 1764 ante
337 1701 648 1762 videamus.
695 1701 838 1761 adest
862 1704 1007 1760 enim
1032 1701 1171 1778 dies,
1190 1717 1247 1761 et
1282 1701 1373 1762 ille

153 1789 361 1850 ειη-τῖε.
405 1786 598 1862 scribe,
629 1785 861 1866 quaeso,
884 1785 1020 1866 quid
1042 1787 1242 1848 referat
1265 1793 1374 1848 Ce-

159 1876 248 1936 ler
281 1871 446 1951 egiss‘e
479 1873 759 1934 Caesarem
789 1893 915 1933 cum
950 1873 1280 1945 candidatis,
1310 1893 1375 1932 u·-

161 1977 320 2020 trum
349 1957 544 2038 ipsein
561 1959 1023 2033 Foenicularium‚
1052 1979 1125 2017 an
1146 1963 1207 2018 ln
1226 1963 1378 2018 Mar·

163 2050 312 2107 tium
340 2065 594 2124 campum
617 2049 844 2124 cogitet.
891 2061 950 2105 et
978 2043 1105 2104 farre
1126 2044 1259 2106 scire
1281 2065 1377 2104 ve-

160 2134 268 2193 lim
287 2151 365 2190 nu
373 2129 545 2209 nquid
561 2131 768 2191 neceffe
792 2130 859 2190 fit
882 2134 1125 2191 comitiis
1142 2129 1245 2191 effe
1262 2135 1379 2191 Ro-

161 2238 316 2280 mae.
365 2235 494 2275 nam
535 2233 591 2276 et
613 2219 780 2278 Piliae
815 2216 1253 2280 satisfaciendum
1280 2217 1381 2298 est,

161 2321 228 2366 et
263 2304 462 2384 utique
485 2305 720 2365 Atticae.
