1700 3084
293 185 418 242 AD
443 182 881 241 ATTICUM
906 185 1024 241 Lm.
1068 185 1172 242 XI.
1221 199 1349 258 531-

111 299 228 341 mo.
279 295 338 340 te
355 301 510 342 nunc
525 281 594 340 ad
611 281 836 340 Balbum
853 295 911 341 et
940 284 1175 362 Oppium
1199 303 1215 339 ε
1264 282 1347 339 ἱίε»

112 367 358 448 placeret
386 367 558 426 mod&
592 370 820 447 propius
841 369 1118 441 accedere,
1145 383 1203 426 ut
1234 370 1355 425 hac·

113 455 180 512 de
195 475 256 512 re
272 449 560 513 confidera
567 473 679 511 rem
695 474 713 512 :
737 453 903 512 credo
918 453 1039 514 fore
1061 459 1352 512 audierat·

112 535 182 599 fic
199 543 358 598 enim
383 540 678 619 recipiunt,
703 538 917 598 Caesari
937 561 1056 599 non
1080 539 1252 599 modo
1270 539 1357 598 de·

113 624 521 698 conservanda,
546 622 636 683 sed
669 628 830 684 etiam
847 626 917 685 de
948 627 1195 704 augenda
1216 645 1353 685 mea·

113 711 394 789 dignitate
416 731 580 770 curae
600 710 722 770 fore
741 733 760 770 z
792 732 988 792 meque
1020 715 1343 786 hortantur,

111 815 412 874 utmagno
437 799 626 856 animo
654 796 774 870 fim3
806 813 871 856 ut
902 800 1095 856 omnia
1131 796 1343 857 summa

112 881 326 964 sperem
346 906 365 942 t
413 882 785 962 easpondent,
809 883 1165 958 confirmant,
1189 893 1355 961 quae'

116 969 344 1050 quidem
374 971 510 1029 mihi
549 971 925 1050 exploratiora
954 969 1159 1046 effent,.
1189 969 1225 1030 fi
1256 991 1343 1028 re·

116 1054 446 1120 manfiffin.
491 1053 582 1115 sed
597 1059 794 1134 ingero
823 1060 1137 1136 praeterita.
1184 1057 1341 1132 vide,

117 1141 346 1222 quaeso,
379 1144 550 1220 igitur
565 1164 648 1217 ea,
666 1164 806 1222 quae
828 1143 1049 1219 restant,
1066 1160 1121 1202 et
1142 1143 1353 1223 explo··

118 1249 182 1288 ra
201 1251 334 1289 cum
350 1229 495 1301 istis3
542 1245 596 1288 et
619 1229 658 1288 fi
674 1233 893 1309 putabis
912 1252 1052 1309 opus
1070 1228 1195 1303 effe,
1230 1245 1283 1288 et
1301 1227 1359 1290 fi=

115 1314 232 1376 istis
259 1316 522 1395 placebit,
535 1336 648 1394 quo
669 1319 842 1394 magis
866 1317 1067 1376 saecum
1092 1315 1358 1376 nostrum’

120 1399 328 1462 Caesar'
349 1404 570 1481 probet,
601 1401 750 1481 quasi
779 1403 845 1461 de
876 1401 1096 1462 suorum
1122 1401 1355 1461 senten·

120 1490 202 1549 tia
215 1487 446 1547 facstum.
466 1488 826 1548 adhibeantur
843 1491 1359 1562 Trebonius,Pan··

119 1573 202 1652 sa,
223 1571 266 1634 fi
285 1575 382 1652 qui
409 1575 523 1647 alii3
557 1573 904 1655 scribamque
935 1575 1001 1634 ad
1034 1573 1363 1650 Gaesarem,-

120 1681 232 1736 ωε,
267 1660 538 1739 quidquid
569 1661 810 1736 fecerim,
844 1662 913 1720 de
944 1660 1035 1720 sua
1073 1658 1355 1720 sententia·

123 1745 325 1806 feciffe.
344 1746 564 1805 Tulliae
581 1767 729 1809 meae
745 1749 994 1821 morbus,
1018 1763 1073 1808 et
1094 1746 1345 1806 imbeoib

124 1834 254 1893 litas
287 1835 544 1912 corporis
575 1855 663 1892 me
700 1836 1015 1892 exanimat:
1056 1854 1220 1912 quam
1244 1835 1367 1891 tibia

124 1919 384 1996 i'ntelligo
423 1939 652 1996 magnae
693 1940 856 1979 curae
892 1919 1034 1992 effe3
1082 1919 1235 1996 quod
1272 1917 1351 1977 est

125 2008 265 2068 mihi
287 2005 659 2082 gratissimum.
690 2005 758 2064 de
778 2005 1025 2084 Pompeii
1041 2006 1191 2062 exitu
1211 2005 1351 2062 mihi

127 2093 362 2153 dubium
379 2111 664 2169 nunquam
676 2091 804 2152 fuit.
835 2107 989 2150 tanta
1002 2092 1149 2150 enim
1162 2088 1350 2170 despe-

127 2180 277 2240 tatio
293 2194 476 2236 rerum
491 2178 635 2254 ejm,
665 2177 917 2237 omnium
952 2197 1139 2254 regum
1173 2193 1231 2236 et·
1244 2198 1349 2256 po-

127 2264 396 2346 pulorum
411 2266 628 2322 animos
645 2280 961 2340 occuparat,
980 2279 1063 2339 ut,
1094 2283 1352 2342 quocun-

129 2371 240 2430 que
256 2347 508 2423 veniffet,
523 2353 630 2408 hoc
653 2365 901 2429 putarem
914 2351 1181 2411 futurum.
1224 2371 1347 2409 non

129 2435 348 2518 possum
373 2436 494 2512 ejus
529 2435 706 2496 casum
741 2457 861 2496 non
900 2436 1123 2496 dolere:
1170 2439 1353 2494 homi-

129 2543 266 2584 nem
293 2523 448 2582 enim
471 2523 774 2601 integrum,
803 2539 860 2579 et
894 2521 1117 2596 castum,
1150 2536 1207 2578 et
1226 2539 1367 2597 gra-

757 2612 800 2666 Γ
843 2625 875 2684 3
