<?xml version="1.0" encoding="UTF-8"?>
<!DOCTYPE html PUBLIC "-//W3C//DTD XHTML 1.0 Transitional//EN"
    "http://www.w3.org/TR/xhtml1/DTD/xhtml1-transitional.dtd">
<html xmlns="http://www.w3.org/1999/xhtml" xml:lang="en" lang="en">
 <head>
  <title>
</title>
<meta http-equiv="Content-Type" content="text/html;charset=utf-8" />
  <meta name='ocr-system' content='tesseract 3.04.00' />
  <meta name='ocr-capabilities' content='ocr_page ocr_carea ocr_par ocr_line ocrx_word'/>
</head>
<body>
  <div class='ocr_page' id='page_1' title='image "./mtulliiciceroni02unkngoog_0232.png"; bbox 0 0 1700 3084; ppageno 0'>
   <div class='ocr_carea' id='block_1_1' title="bbox 345 147 1278 228">
    <p class='ocr_par' dir='ltr' id='par_1_1' title="bbox 345 147 1278 228">
     <span class='ocr_line' id='line_1_1' title="bbox 345 147 1278 228; baseline 0.002 -8"><span class='ocrx_word' id='word_1_1' title='bbox 345 166 469 228; x_wconf 84' lang='lat'><strong>630</strong></span> <span class='ocrx_word' id='word_1_2' title='bbox 619 147 1278 222; x_wconf 70' lang='lat' dir='ltr'><strong>EmsToLARUM</strong></span> 
     </span>
    </p>
   </div>
   <div class='ocr_carea' id='block_1_2' title="bbox 325 257 1551 2149">
    <p class='ocr_par' dir='ltr' id='par_1_2' title="bbox 325 257 1551 2149">
     <span class='ocr_line' id='line_1_2' title="bbox 338 257 1551 336; baseline 0.001 -17"><span class='ocrx_word' id='word_1_3' title='bbox 338 273 394 320; x_wconf 80' lang='lat' dir='ltr'><strong>ta</strong></span> <span class='ocrx_word' id='word_1_4' title='bbox 423 257 522 331; x_wconf 81' lang='lat' dir='ltr'><strong>est;</strong></span> <span class='ocrx_word' id='word_1_5' title='bbox 563 259 721 336; x_wconf 80' lang='lat' dir='ltr'><strong>cujus</strong></span> <span class='ocrx_word' id='word_1_6' title='bbox 761 258 1164 318; x_wconf 81' lang='lat' dir='ltr'><strong>festinationem</strong></span> <span class='ocrx_word' id='word_1_7' title='bbox 1198 259 1334 318; x_wconf 82' lang='lat' dir='ltr'><strong>mihi</strong></span> <span class='ocrx_word' id='word_1_8' title='bbox 1370 257 1551 334; x_wconf 62' lang='lat' dir='ltr'><strong>tollit,</strong></span> 
     </span>
     <span class='ocr_line' id='line_1_3' title="bbox 337 345 1548 425; baseline -0.001 -20"><span class='ocrx_word' id='word_1_9' title='bbox 337 348 604 424; x_wconf 78' lang='lat' dir='ltr'><strong>quoniam</strong></span> <span class='ocrx_word' id='word_1_10' title='bbox 629 345 696 404; x_wconf 87' lang='lat' dir='ltr'><strong>de</strong></span> <span class='ocrx_word' id='word_1_11' title='bbox 719 345 911 404; x_wconf 82' lang='lat' dir='ltr'>aestate</span> <span class='ocrx_word' id='word_1_12' title='bbox 933 345 1234 425; x_wconf 77' lang='lat' dir='ltr'><strong>polliceris,</strong></span> <span class='ocrx_word' id='word_1_13' title='bbox 1252 345 1339 406; x_wconf 83' lang='lat' dir='ltr'><strong>vel</strong></span> <span class='ocrx_word' id='word_1_14' title='bbox 1357 347 1548 424; x_wconf 78' lang='lat' dir='ltr'><strong>potius</strong></span> 
     </span>
     <span class='ocr_line' id='line_1_4' title="bbox 335 430 1545 512; baseline -0.001 -22"><span class='ocrx_word' id='word_1_15' title='bbox 335 435 558 512; x_wconf 77' lang='lat' dir='ltr'><strong>recipis:</strong></span> <span class='ocrx_word' id='word_1_16' title='bbox 585 431 780 490; x_wconf 84' lang='lat' dir='ltr'><strong>deinde</strong></span> <span class='ocrx_word' id='word_1_17' title='bbox 801 434 967 490; x_wconf 86' lang='lat' dir='ltr'><strong>etiam</strong></span> <span class='ocrx_word' id='word_1_18' title='bbox 980 432 1048 490; x_wconf 87' lang='lat' dir='ltr'><strong>ad</strong></span> <span class='ocrx_word' id='word_1_19' title='bbox 1064 430 1545 503; x_wconf 50' lang='lat' dir='ltr'><strong>autumamumoes·</strong></span> 
     </span>
     <span class='ocr_line' id='line_1_5' title="bbox 334 517 1543 597; baseline 0 -21"><span class='ocrx_word' id='word_1_20' title='bbox 334 519 625 595; x_wconf 82' lang='lat' dir='ltr'><strong>titiamque</strong></span> <span class='ocrx_word' id='word_1_21' title='bbox 640 517 991 576; x_wconf 82' lang='lat' dir='ltr'><strong>minuendam</strong></span> <span class='ocrx_word' id='word_1_22' title='bbox 1017 517 1157 576; x_wconf 83' lang='lat' dir='ltr'><strong>nihil</strong></span> <span class='ocrx_word' id='word_1_23' title='bbox 1182 520 1321 578; x_wconf 81' lang='lat' dir='ltr'><strong>mihi</strong></span> <span class='ocrx_word' id='word_1_24' title='bbox 1342 520 1543 597; x_wconf 83' lang='lat' dir='ltr'><strong>reperi·</strong></span> 
     </span>
     <span class='ocr_line' id='line_1_6' title="bbox 335 603 1540 683; baseline 0.002 -21"><span class='ocrx_word' id='word_1_25' title='bbox 335 606 384 662; x_wconf 86' lang='lat' dir='ltr'><strong>ri</strong></span> <span class='ocrx_word' id='word_1_26' title='bbox 400 603 574 682; x_wconf 88' lang='lat' dir='ltr'>potest</span> <span class='ocrx_word' id='word_1_27' title='bbox 609 605 812 682; x_wconf 83' lang='lat' dir='ltr'><strong>aptius.</strong></span> <span class='ocrx_word' id='word_1_28' title='bbox 860 604 1020 681; x_wconf 81' lang='lat' dir='ltr'>cujus</span> <span class='ocrx_word' id='word_1_29' title='bbox 1046 605 1123 662; x_wconf 88' lang='lat' dir='ltr'><strong>rei</strong></span> <span class='ocrx_word' id='word_1_30' title='bbox 1149 605 1423 683; x_wconf 80' lang='lat' dir='ltr'><strong>cupiditas</strong></span> <span class='ocrx_word' id='word_1_31' title='bbox 1440 606 1540 664; x_wconf 87' lang='lat' dir='ltr'><strong>im·</strong></span> 
     </span>
     <span class='ocr_line' id='line_1_7' title="bbox 333 688 1539 770; baseline 0.001 -22"><span class='ocrx_word' id='word_1_32' title='bbox 333 688 489 770; x_wconf 84' lang='lat' dir='ltr'><strong>pellit</strong></span> <span class='ocrx_word' id='word_1_33' title='bbox 504 711 591 748; x_wconf 86' lang='lat' dir='ltr'><strong>me</strong></span> <span class='ocrx_word' id='word_1_34' title='bbox 621 689 921 762; x_wconf 80' lang='lat' dir='ltr'><strong>interdum,</strong></span> <span class='ocrx_word' id='word_1_35' title='bbox 953 705 1016 748; x_wconf 68' lang='lat' dir='ltr'><strong>ut</strong></span> <span class='ocrx_word' id='word_1_36' title='bbox 1034 705 1088 748; x_wconf 88' lang='lat' dir='ltr'><strong>te</strong></span> <span class='ocrx_word' id='word_1_37' title='bbox 1118 692 1335 748; x_wconf 84' lang='lat' dir='ltr'><strong>hortari</strong></span> <span class='ocrx_word' id='word_1_38' title='bbox 1350 689 1539 750; x_wconf 71' lang='lat' dir='ltr'><strong>velint</strong></span> 
     </span>
     <span class='ocr_line' id='line_1_8' title="bbox 333 774 1541 854; baseline 0.002 -21"><span class='ocrx_word' id='word_1_39' title='bbox 333 774 426 834; x_wconf 85' lang='lat' dir='ltr'><strong>sed</strong></span> <span class='ocrx_word' id='word_1_40' title='bbox 451 797 537 834; x_wconf 89' lang='lat' dir='ltr'><strong>me</strong></span> <span class='ocrx_word' id='word_1_41' title='bbox 571 775 681 854; x_wconf 87' lang='lat' dir='ltr'><strong>ipse</strong></span> <span class='ocrx_word' id='word_1_42' title='bbox 717 797 945 834; x_wconf 66' lang='lat' dir='ltr'><strong>revocet</strong></span> <span class='ocrx_word' id='word_1_43' title='bbox 988 797 1107 835; x_wconf 86' lang='lat' dir='ltr'><strong>non</strong></span> <span class='ocrx_word' id='word_1_44' title='bbox 1140 778 1291 835; x_wconf 86' lang='lat' dir='ltr'><strong>enim</strong></span> <span class='ocrx_word' id='word_1_45' title='bbox 1322 776 1541 852; x_wconf 87' lang='lat' dir='ltr'><strong>dubito,</strong></span> 
     </span>
     <span class='ocr_line' id='line_1_9' title="bbox 333 861 1543 942; baseline 0.005 -24"><span class='ocrx_word' id='word_1_46' title='bbox 333 863 495 940; x_wconf 84' lang='lat' dir='ltr'><strong>quin,</strong></span> <span class='ocrx_word' id='word_1_47' title='bbox 535 861 687 940; x_wconf 90' lang='lat' dir='ltr'>quod</span> <span class='ocrx_word' id='word_1_48' title='bbox 712 883 798 920; x_wconf 87' lang='lat' dir='ltr'><strong>me</strong></span> <span class='ocrx_word' id='word_1_49' title='bbox 819 861 981 920; x_wconf 82' lang='lat' dir='ltr'>valde</span> <span class='ocrx_word' id='word_1_50' title='bbox 994 863 1137 922; x_wconf 83' lang='lat' dir='ltr'>velle</span> <span class='ocrx_word' id='word_1_51' title='bbox 1162 877 1347 942; x_wconf 78' lang='lat' dir='ltr'>puteS,</span> <span class='ocrx_word' id='word_1_52' title='bbox 1378 863 1437 921; x_wconf 86' lang='lat' dir='ltr'><strong>in</strong></span> <span class='ocrx_word' id='word_1_53' title='bbox 1475 883 1543 924; x_wconf 83' lang='lat' dir='ltr'><strong>eo</strong></span> 
     </span>
     <span class='ocr_line' id='line_1_10' title="bbox 335 946 1543 1028; baseline 0.002 -23"><span class='ocrx_word' id='word_1_54' title='bbox 335 962 394 1005; x_wconf 89' lang='lat' dir='ltr'><strong>tu</strong></span> <span class='ocrx_word' id='word_1_55' title='bbox 427 969 517 1006; x_wconf 89' lang='lat' dir='ltr'><strong>me</strong></span> <span class='ocrx_word' id='word_1_56' title='bbox 551 946 722 1027; x_wconf 76' lang='lat' dir='ltr'><strong>ipsum</strong></span> <span class='ocrx_word' id='word_1_57' title='bbox 755 949 1055 1026; x_wconf 85' lang='lat' dir='ltr'><strong>cupiditate</strong></span> <span class='ocrx_word' id='word_1_58' title='bbox 1087 950 1304 1007; x_wconf 80' lang='lat' dir='ltr'><strong>vincas.</strong></span> <span class='ocrx_word' id='word_1_59' title='bbox 1353 950 1543 1028; x_wconf 84' lang='lat' dir='ltr'><strong>itaque</strong></span> 
     </span>
     <span class='ocr_line' id='line_1_11' title="bbox 333 1031 1542 1114; baseline 0.002 -22"><span class='ocrx_word' id='word_1_60' title='bbox 333 1031 594 1110; x_wconf 84' lang='lat' dir='ltr'><strong>istucjam</strong></span> <span class='ocrx_word' id='word_1_61' title='bbox 617 1055 719 1114; x_wconf 90' lang='lat' dir='ltr'><strong>pro</strong></span> <span class='ocrx_word' id='word_1_62' title='bbox 742 1034 889 1092; x_wconf 66' lang='lat' dir='ltr'><strong>fadio</strong></span> <span class='ocrx_word' id='word_1_63' title='bbox 914 1037 1111 1095; x_wconf 80' lang='lat' dir='ltr'>habeo.</span> <span class='ocrx_word' id='word_1_64' title='bbox 1159 1039 1394 1112; x_wconf 65' lang='lat' dir='ltr'><strong>expeeto</strong></span> <span class='ocrx_word' id='word_1_65' title='bbox 1411 1033 1542 1114; x_wconf 87' lang='lat' dir='ltr'><strong>quid</strong></span> 
     </span>
     <span class='ocr_line' id='line_1_12' title="bbox 333 1117 1543 1200; baseline 0.002 -22"><span class='ocrx_word' id='word_1_66' title='bbox 333 1117 446 1178; x_wconf 84' lang='lat' dir='ltr'><strong>istis</strong></span> <span class='ocrx_word' id='word_1_67' title='bbox 471 1119 679 1198; x_wconf 88' lang='lat' dir='ltr'><strong>placeat</strong></span> <span class='ocrx_word' id='word_1_68' title='bbox 695 1119 764 1178; x_wconf 91' lang='lat' dir='ltr'><strong>de</strong></span> <span class='ocrx_word' id='word_1_69' title='bbox 787 1119 1010 1200; x_wconf 84' lang='lat' dir='ltr'><strong>epistola</strong></span> <span class='ocrx_word' id='word_1_70' title='bbox 1026 1119 1093 1178; x_wconf 84' lang='lat' dir='ltr'><strong>ad</strong></span> <span class='ocrx_word' id='word_1_71' title='bbox 1120 1118 1427 1181; x_wconf 82' lang='lat' dir='ltr'>Caesarem.</span> <span class='ocrx_word' id='word_1_72' title='bbox 1442 1121 1543 1180; x_wconf 87' lang='lat' dir='ltr'><strong>Ni-</strong></span> 
     </span>
     <span class='ocr_line' id='line_1_13' title="bbox 335 1205 1545 1286; baseline 0.002 -22"><span class='ocrx_word' id='word_1_73' title='bbox 335 1207 446 1264; x_wconf 83' lang='lat' dir='ltr'><strong>cias</strong></span> <span class='ocrx_word' id='word_1_74' title='bbox 467 1222 541 1280; x_wconf 84' lang='lat' dir='ltr'><strong>te,</strong></span> <span class='ocrx_word' id='word_1_75' title='bbox 572 1221 634 1264; x_wconf 85' lang='lat' dir='ltr'><strong>ut</strong></span> <span class='ocrx_word' id='word_1_76' title='bbox 665 1205 847 1280; x_wconf 83' lang='lat' dir='ltr'>debet,</span> <span class='ocrx_word' id='word_1_77' title='bbox 872 1221 1042 1281; x_wconf 79' lang='lat' dir='ltr'><strong>amat,</strong></span> <span class='ocrx_word' id='word_1_78' title='bbox 1080 1207 1545 1286; x_wconf 84' lang='lat' dir='ltr'>vehementerque</span> 
     </span>
     <span class='ocr_line' id='line_1_14' title="bbox 333 1290 1545 1372; baseline 0.004 -22"><span class='ocrx_word' id='word_1_79' title='bbox 333 1307 430 1350; x_wconf 87' lang='lat' dir='ltr'><strong>tua</strong></span> <span class='ocrx_word' id='word_1_80' title='bbox 461 1290 538 1350; x_wconf 85' lang='lat' dir='ltr'><strong>sui</strong></span> <span class='ocrx_word' id='word_1_81' title='bbox 570 1293 834 1352; x_wconf 83' lang='lat' dir='ltr'><strong>memoria</strong></span> <span class='ocrx_word' id='word_1_82' title='bbox 881 1292 1197 1352; x_wconf 64' lang='lat' dir='ltr'><strong>delectatur.</strong></span> <span class='ocrx_word' id='word_1_83' title='bbox 1259 1311 1369 1372; x_wconf 87' lang='lat' dir='ltr'><strong>ego</strong></span> <span class='ocrx_word' id='word_1_84' title='bbox 1407 1313 1545 1354; x_wconf 85' lang='lat' dir='ltr'>vero</span> 
     </span>
     <span class='ocr_line' id='line_1_15' title="bbox 332 1375 1540 1458; baseline 0.006 -22"><span class='ocrx_word' id='word_1_85' title='bbox 332 1377 638 1438; x_wconf 85' lang='lat' dir='ltr'>Peduceum</span> <span class='ocrx_word' id='word_1_86' title='bbox 671 1375 916 1438; x_wconf 83' lang='lat' dir='ltr'>nostrum</span> <span class='ocrx_word' id='word_1_87' title='bbox 960 1380 1323 1438; x_wconf 81' lang='lat' dir='ltr'>vehementer</span> <span class='ocrx_word' id='word_1_88' title='bbox 1346 1379 1540 1458; x_wconf 83' lang='lat' dir='ltr'><strong>diligo.</strong></span> 
     </span>
     <span class='ocr_line' id='line_1_16' title="bbox 333 1464 1541 1546; baseline 0.002 -22"><span class='ocrx_word' id='word_1_89' title='bbox 333 1485 466 1524; x_wconf 83' lang='lat' dir='ltr'><strong>nam</strong></span> <span class='ocrx_word' id='word_1_90' title='bbox 507 1467 766 1544; x_wconf 83' lang='lat' dir='ltr'><strong>ecquanti</strong></span> <span class='ocrx_word' id='word_1_91' title='bbox 803 1481 1017 1546; x_wconf 84' lang='lat' dir='ltr'><strong>patrem</strong></span> <span class='ocrx_word' id='word_1_92' title='bbox 1060 1464 1165 1526; x_wconf 86' lang='lat' dir='ltr'><strong>feci</strong></span> <span class='ocrx_word' id='word_1_93' title='bbox 1183 1507 1205 1539; x_wconf 88' lang='lat'>,</span> <span class='ocrx_word' id='word_1_94' title='bbox 1249 1479 1435 1526; x_wconf 87' lang='lat' dir='ltr'>totum</span> <span class='ocrx_word' id='word_1_95' title='bbox 1480 1469 1541 1526; x_wconf 86' lang='lat' dir='ltr'><strong>in</strong></span> 
     </span>
     <span class='ocr_line' id='line_1_17' title="bbox 329 1548 1541 1633; baseline 0.003 -24"><span class='ocrx_word' id='word_1_96' title='bbox 329 1553 503 1610; x_wconf 85' lang='lat' dir='ltr'><strong>hunc:</strong></span> <span class='ocrx_word' id='word_1_97' title='bbox 523 1548 696 1630; x_wconf 79' lang='lat' dir='ltr'><strong>ipsum</strong></span> <span class='ocrx_word' id='word_1_98' title='bbox 714 1550 879 1631; x_wconf 83' lang='lat' dir='ltr'>perse</span> <span class='ocrx_word' id='word_1_99' title='bbox 899 1571 1075 1630; x_wconf 82' lang='lat' dir='ltr'>aeque</span> <span class='ocrx_word' id='word_1_100' title='bbox 1103 1572 1252 1629; x_wconf 84' lang='lat' dir='ltr'>amo,</span> <span class='ocrx_word' id='word_1_101' title='bbox 1287 1553 1541 1633; x_wconf 77' lang='lat' dir='ltr'><strong>atqueil-</strong></span> 
     </span>
     <span class='ocr_line' id='line_1_18' title="bbox 328 1636 1543 1718; baseline 0.005 -24"><span class='ocrx_word' id='word_1_102' title='bbox 328 1636 444 1694; x_wconf 82' lang='lat' dir='ltr'><strong>lum</strong></span> <span class='ocrx_word' id='word_1_103' title='bbox 476 1640 678 1700; x_wconf 79' lang='lat' dir='ltr'><strong>amavi:</strong></span> <span class='ocrx_word' id='word_1_104' title='bbox 719 1654 772 1698; x_wconf 91' lang='lat' dir='ltr'><strong>te</strong></span> <span class='ocrx_word' id='word_1_105' title='bbox 795 1659 931 1699; x_wconf 86' lang='lat' dir='ltr'>vero</span> <span class='ocrx_word' id='word_1_106' title='bbox 958 1637 1281 1718; x_wconf 79' lang='lat' dir='ltr'><strong>plurimum,</strong></span> <span class='ocrx_word' id='word_1_107' title='bbox 1314 1642 1411 1718; x_wconf 87' lang='lat' dir='ltr'><strong>qui</strong></span> <span class='ocrx_word' id='word_1_108' title='bbox 1436 1637 1543 1700; x_wconf 71' lang='lat' dir='ltr'>h‘oc</span> 
     </span>
     <span class='ocr_line' id='line_1_19' title="bbox 330 1723 1540 1802; baseline 0.004 -23"><span class='ocrx_word' id='word_1_109' title='bbox 330 1723 401 1780; x_wconf 79' lang='lat' dir='ltr'><strong>ab</strong></span> <span class='ocrx_word' id='word_1_110' title='bbox 417 1737 654 1802; x_wconf 83' lang='lat' dir='ltr'><strong>utroque</strong></span> <span class='ocrx_word' id='word_1_111' title='bbox 668 1723 913 1784; x_wconf 70' lang='lat' dir='ltr'><strong>nosti-iim</strong></span> <span class='ocrx_word' id='word_1_112' title='bbox 930 1723 1049 1784; x_wconf 84' lang='lat' dir='ltr'><strong>fieri</strong></span> <span class='ocrx_word' id='word_1_113' title='bbox 1068 1724 1231 1784; x_wconf 76' lang='lat' dir='ltr'><strong>velis,</strong></span> <span class='ocrx_word' id='word_1_114' title='bbox 1276 1723 1317 1783; x_wconf 85' lang='lat' dir='ltr'><strong>fi</strong></span> <span class='ocrx_word' id='word_1_115' title='bbox 1340 1727 1540 1786; x_wconf 72' lang='lat' dir='ltr'>hortos</span> 
     </span>
     <span class='ocr_line' id='line_1_20' title="bbox 327 1807 1539 1891; baseline 0.006 -25"><span class='ocrx_word' id='word_1_116' title='bbox 327 1807 654 1888; x_wconf 80' lang='lat' dir='ltr'><strong>inspexeris,</strong></span> <span class='ocrx_word' id='word_1_117' title='bbox 669 1827 724 1870; x_wconf 87' lang='lat' dir='ltr'><strong>et</strong></span> <span class='ocrx_word' id='word_1_118' title='bbox 739 1809 780 1870; x_wconf 81' lang='lat' dir='ltr'><strong>fi</strong></span> <span class='ocrx_word' id='word_1_119' title='bbox 802 1811 875 1870; x_wconf 86' lang='lat' dir='ltr'><strong>de</strong></span> <span class='ocrx_word' id='word_1_120' title='bbox 892 1809 1117 1891; x_wconf 77' lang='lat' dir='ltr'><strong>epistola</strong></span> <span class='ocrx_word' id='word_1_121' title='bbox 1142 1812 1437 1871; x_wconf 83' lang='lat' dir='ltr'><strong>certiorem</strong></span> <span class='ocrx_word' id='word_1_122' title='bbox 1450 1832 1539 1872; x_wconf 81' lang='lat' dir='ltr'><strong>me</strong></span> 
     </span>
     <span class='ocr_line' id='line_1_21' title="bbox 325 1895 1537 1976; baseline 0.003 -21"><span class='ocrx_word' id='word_1_123' title='bbox 325 1895 543 1971; x_wconf 73' lang='lat' dir='ltr'><strong>feceriS,</strong></span> <span class='ocrx_word' id='word_1_124' title='bbox 559 1895 772 1958; x_wconf 79' lang='lat' dir='ltr'><strong>dederis</strong></span> <span class='ocrx_word' id='word_1_125' title='bbox 789 1899 927 1958; x_wconf 81' lang='lat' dir='ltr'><strong>mihi</strong></span> <span class='ocrx_word' id='word_1_126' title='bbox 948 1895 1101 1976; x_wconf 85' lang='lat' dir='ltr'>quod</span> <span class='ocrx_word' id='word_1_127' title='bbox 1118 1895 1184 1956; x_wconf 72' lang='lat' dir='ltr'><strong>nd</strong></span> <span class='ocrx_word' id='word_1_128' title='bbox 1200 1912 1257 1956; x_wconf 82' lang='lat' dir='ltr'><strong>te</strong></span> <span class='ocrx_word' id='word_1_129' title='bbox 1277 1895 1537 1958; x_wconf 72' lang='lat' dir='ltr'><strong>scribame</strong></span> 
     </span>
     <span class='ocr_line' id='line_1_22' title="bbox 325 1975 1534 2065; baseline 0.002 -23"><span class='ocrx_word' id='word_1_130' title='bbox 325 1979 406 2042; x_wconf 83' lang='lat' dir='ltr'><strong>fin</strong></span> <span class='ocrx_word' id='word_1_131' title='bbox 431 1985 640 2058; x_wconf 85' lang='lat' dir='ltr'><strong>minus,</strong></span> <span class='ocrx_word' id='word_1_132' title='bbox 663 1982 895 2044; x_wconf 82' lang='lat' dir='ltr'><strong>scribam</strong></span> <span class='ocrx_word' id='word_1_133' title='bbox 910 1999 1097 2046; x_wconf 82' lang='lat' dir='ltr'><strong>tamen</strong></span> <span class='ocrx_word' id='word_1_134' title='bbox 1124 1981 1361 2065; x_wconf 74' lang='lat' dir='ltr'><strong>aliquidt</strong></span> <span class='ocrx_word' id='word_1_135' title='bbox 1384 1975 1534 2044; x_wconf 74' lang='lat' dir='ltr'><strong>min·</strong></span> 
     </span>
     <span class='ocr_line' id='line_1_23' title="bbox 325 2070 884 2149; baseline 0.009 -22"><span class='ocrx_word' id='word_1_136' title='bbox 325 2088 492 2149; x_wconf 75' lang='lat' dir='ltr'><strong>quam</strong></span> <span class='ocrx_word' id='word_1_137' title='bbox 515 2072 666 2136; x_wconf 68' lang='lat' dir='ltr'><strong>enim</strong></span> <span class='ocrx_word' id='word_1_138' title='bbox 689 2070 884 2132; x_wconf 84' lang='lat' dir='ltr'><strong>deerit.</strong></span> 
     </span>
    </p>
   </div>
   <div class='ocr_carea' id='block_1_3' title="bbox 321 2263 1567 2578">
    <p class='ocr_par' dir='ltr' id='par_1_3' title="bbox 321 2263 1567 2578">
     <span class='ocr_line' id='line_1_24' title="bbox 547 2263 1309 2306; baseline 0 -2"><span class='ocrx_word' id='word_1_139' title='bbox 547 2263 808 2306; x_wconf 68' lang='lat' dir='ltr'><strong>eicEno</strong></span> <span class='ocrx_word' id='word_1_140' title='bbox 847 2264 1109 2306; x_wconf 68' lang='grc' dir='ltr'>Αττῐοο</span> <span class='ocrx_word' id='word_1_141' title='bbox 1158 2264 1309 2306; x_wconf 63' lang='grc' dir='ltr'><strong>ευ..</strong></span> 
     </span>
     <span class='ocr_line' id='line_1_25' title="bbox 411 2330 1567 2411; baseline 0.005 -25"><span class='ocrx_word' id='word_1_142' title='bbox 411 2332 639 2389; x_wconf 77' lang='lat' dir='ltr'><strong>Gratior</strong></span> <span class='ocrx_word' id='word_1_143' title='bbox 661 2332 795 2390; x_wconf 83' lang='lat' dir='ltr'><strong>mihi</strong></span> <span class='ocrx_word' id='word_1_144' title='bbox 819 2330 1065 2390; x_wconf 70' lang='lat' dir='ltr'><strong>celeritas</strong></span> <span class='ocrx_word' id='word_1_145' title='bbox 1080 2347 1196 2404; x_wconf 78' lang='lat' dir='ltr'><strong>tua,</strong></span> <span class='ocrx_word' id='word_1_146' title='bbox 1220 2349 1387 2408; x_wconf 79' lang='lat' dir='ltr'><strong>quam</strong></span> <span class='ocrx_word' id='word_1_147' title='bbox 1416 2330 1527 2411; x_wconf 80' lang='lat' dir='ltr'><strong>ipsa</strong></span> <span class='ocrx_word' id='word_1_148' title='bbox 1544 2349 1567 2384; x_wconf 82' lang='lat'><em>²</em></span> 
     </span>
     <span class='ocr_line' id='line_1_26' title="bbox 323 2413 1525 2493; baseline 0.005 -21"><span class='ocrx_word' id='word_1_149' title='bbox 323 2433 432 2472; x_wconf 74' lang='lat' dir='ltr'><strong>res.</strong></span> <span class='ocrx_word' id='word_1_150' title='bbox 478 2413 610 2490; x_wconf 85' lang='lat' dir='ltr'><strong>quid</strong></span> <span class='ocrx_word' id='word_1_151' title='bbox 625 2416 774 2474; x_wconf 86' lang='lat' dir='ltr'><strong>enim</strong></span> <span class='ocrx_word' id='word_1_152' title='bbox 789 2416 1105 2493; x_wconf 73' lang='lat' dir='ltr'><strong>indignius?</strong></span> <span class='ocrx_word' id='word_1_153' title='bbox 1126 2415 1218 2476; x_wconf 83' lang='lat' dir='ltr'><strong>sed</strong></span> <span class='ocrx_word' id='word_1_154' title='bbox 1228 2417 1439 2492; x_wconf 76' lang='lat' dir='ltr'>jamad</span> <span class='ocrx_word' id='word_1_155' title='bbox 1454 2417 1525 2478; x_wconf 76' lang='lat' dir='ltr'><strong>is-</strong></span> 
     </span>
     <span class='ocr_line' id='line_1_27' title="bbox 321 2497 1527 2578; baseline 0.008 -21"><span class='ocrx_word' id='word_1_156' title='bbox 321 2497 772 2578; x_wconf 77' lang='lat' dir='ltr'><strong>taobduruimus,</strong></span> <span class='ocrx_word' id='word_1_157' title='bbox 793 2517 850 2560; x_wconf 84' lang='lat' dir='ltr'><strong>et</strong></span> <span class='ocrx_word' id='word_1_158' title='bbox 879 2505 1281 2564; x_wconf 80' lang='lat' dir='ltr'><strong>humanitatem</strong></span> <span class='ocrx_word' id='word_1_159' title='bbox 1296 2521 1527 2567; x_wconf 73' lang='lat' dir='ltr'>omnen</span> 
     </span>
    </p>
   </div>
   <div class='ocr_carea' id='block_1_4' title="bbox 1682 3 1685 154">
    <p class='ocr_par' dir='ltr' id='par_1_4' title="bbox 1682 3 1685 180">
     <span class='ocr_line' id='line_1_28' title="bbox 1682 3 1685 154; baseline 0 13"><span class='ocrx_word' id='word_1_160' title='bbox 1682 3 1685 154; x_wconf 86' lang='grc' dir='ltr'>Ι</span> 
     </span>
    </p>
   </div>
  </div>
 </body>
</html>
