1700 3084
318 201 427 266 ⁷30
623 187 1275 247 EP1sToLARUM

311 286 440 343 deo:
471 286 560 344 eui
582 283 803 363 quidem
825 306 928 363 ego
959 301 1134 345 totam
1170 284 1383 358 villam,
1402 285 1512 345 cel-

311 372 528 449 lamque
568 371 803 443 tradidi3
851 391 1079 448 eamque
1121 373 1432 447 cogitabam
1465 392 1507 429 v

313 456 440 514 idus
474 455 682 514 videre.
731 472 790 514 tu
830 459 1053 515 Atticae
1078 456 1302 514 salutem
1330 455 1510 514 dicest

317 561 426 600 nos
443 542 634 600 Piliam
643 541 938 619 diligenter
956 544 1247 601 tuebimur.

539 730 794 771 ctczno
834 731 1099 772 Αττιαο
1139 731 1283 771 ειη.

348 831 353 835 ·
408 804 454 855 Ε
477 800 812 875 Pompeiano
835 801 968 857 navi
1006 798 1261 857 advectus
1300 795 1417 856 sum
1454 798 1518 855 in
1551 816 1605 850 20

318 882 538 944 Luculli
561 883 733 941 nostri
749 881 1046 961 hospitium
1075 904 1142 942 vx
1188 881 1337 956 idus,
1376 885 1520 941 hora

320 968 438 1027 fere
457 972 638 1027 tertia:
655 966 888 1045 egrefl'us
909 984 1087 1027 autem
1114 989 1143 1025 e
1161 968 1313 1040 navi,
1328 968 1523 1045 accepi

242 1093 245 1096 -
323 1070 445 1112 tuas
469 1053 675 1125 literas»,
698 1073 835 1129 quas
851 1069 980 1111 tuus
996 1053 1304 1111 tabellarius
1325 1055 1385 1111 in
1405 1059 1524 1110 Cu-

321 1159 546 1199 manum
569 1138 800 1197 attulisse
831 1139 1135 1212 dicebatur,
1172 1140 1338 1197 nonis
1377 1139 1523 1197 Mai.

323 1224 501 1283 datas:
548 1245 579 1282 a
619 1223 853 1282 Lucullo
893 1224 1147 1303 postridie
1189 1222 1375 1281 eadem
1408 1224 1527 1282 fere

326 1313 462 1369 hora
479 1353 498 1385 ,
543 1330 649 1388 qua
700 1312 863 1381 veni,
924 1332 994 1371 vx
1014 1332 1033 1369 1
1080 1311 1204 1368 idus
1259 1311 1526 1368 Lanuvio

327 1396 503 1455 datas,
551 1395 676 1454 audi
705 1396 874 1470 igitur
904 1396 971 1453 ad
996 1416 1212 1455 omnes,
1259 1396 1525 1472 primum,

330 1502 470 1559 quae
494 1481 561 1540 de
583 1500 642 1538 re
676 1481 796 1538 mea
811 1479 957 1558 gesta
973 1497 1030 1541 et
1050 1483 1109 1539 in
1134 1479 1436 1554 solutione,
1465 1494 1527 1544 et

330 1568 390 1625 in
407 1567 650 1626 Albiano
677 1569 927 1642 negoti0‚
947 1582 1122 1643 grata.
1145 1566 1210 1624 de
1227 1581 1325 1624 tuo
1340 1558 1530 1624 autent

329 1655 624 1725 Buthrot0‚
643 1671 766 1710 cum
783 1654 842 1709 in
860 1654 1195 1731 Pompeiano
1209 1649 1389 1723 eflem,
1418 1654 1531 1709 Mi-

329 1733 514 1794 senum
538 1738 696 1794 venit
715 1739 1021 1797 Antonius:
1039 1738 1169 1797 inde
1182 1752 1309 1796 ante
1332 1733 1534 1795 discess·

330 1818 416 1895 fit,
440 1825 605 1901 quam
627 1821 780 1880 illum
813 1821 1021 1881 venisse
1051 1820 1325 1881 audiisemt
1360 1841 1533 1900 aquo

330 1908 392 1967 in
412 1910 708 1967 Samnium:
734 1907 883 1982 vide,
905 1908 1039 1987 quid
1067 1907 1266 1987 speres.
1318 1915 1534 1969 Romae

331 1996 502 2073 igitur
515 1995 584 2054 de
598 1992 895 2069 Buth‘toto.
947 2000 1014 2056 L.
1037 1997 1273 2053 Antonii
1288 1995 1535 2051 horribi-

331 2079 400 2140 lis
418 2084 638 2153 concie,
669 2079 983 2138 Dolabellae
999 2079 1290 2158 praeclara.
1304 2077 1423 2154 jam
1440 2079 1537 2137 vel
1591 2127 1594 2128 ν

330 2164 427 2224 fibi
441 2168 636 2224 habeat
659 2185 939 2239 nummosi,
962 2164 1131 2223 modo
1156 2178 1405 2222 numeret
1425 2164 1537 2222 idi·

329 2251 456 2309 bus.
505 2250 790 2308 Tertullae
807 2250 1013 2308 nollem
1031 2252 1308 2309 abortum.
1342 2264 1459 2307 tam
1471 2270 1536 2307 e-

330 2338 446 2395 nim
465 2336 620 2393 Caffii
645 2334 917 2412 suntjam,
933 2356 1098 2414 quam
1117 2337 1272 2393 Bruti
1295 2332 1534 2394 serendi.

329 2420 398 2480 de
415 2421 601 2496 regina
618 2420 804 2494 velim,
835 2436 999 2499 atque
1014 2423 1178 2480 etiam
1209 2420 1276 2479 de
1306 2417 1541 2479 Caesare

330 2505 448 2567 illo.
479 2505 719 2586 persolvi
733 2506 945 2585 primae
968 2503 1247 2587 epistolae=
1274 2506 1446 2567 venio
1465 2504 1540 2565 ad
