1700 3084
325 201 451 278 με
604 204 1278 262 EP1STOLARUM

563 322 834 364 crox-:Ro
869 322 1132 362 Αττιοο
1170 323 1322 366 sm...

429 397 588 466 Quae
620 410 707 447 me
737 386 1243 464 causaetmoverint,
1288 409 1459 470 quam
1490 411 1556 452 a-
1591 412 1619 456 5

319 479 552 551 coerbae,
599 495 764 554 quarn
788 495 1005 552 graves,
1030 494 1197 554 quam
1222 497 1426 551 novae,
1451 498 1555 538 co·

319 566 660 642 aegerintque
675 563 893 639 *impetu
910 564 1095 639 magis
1118 561 1358 641 quodam
1376 565 1559 623 animi

325 652 445 724 uti,
481 649 1026 728 quamcogitatione,
1068 669 1185 706 non
1229 647 1441 728 poss'um
1480 650 1558 710 ad

322 751 394 796 te
418 735 529 796 fine
547 736 802 794 maximo
821 732 1021 793 dolore
1038 733 1278 794 scribere.
1322 735 1560 795 fuerunt

321 823 794 902 ‘quidem-tantae,
839 835 903 878 ut
938 820 1015 894 id,
1048 819 1199 898 quod
1220 821 1400 896 videS,
1424 821 1559 880 effe-

321 911 538 970 seez-int.
585 910 776 986 itaque
807 927 911 964 nec
941 905 1075 986 quid
1115 907 1184 966 ad
1223 922 1279 966 te
1320 905 1557 969 scribam

321 996 408 1056 de
431 996 564 1054 meis
590 996 772 1066 rebuS,
817 1013 923 1052 nec
938 992 1073 1072 quid
1088 1015 1121 1051 a
1142 1009 1199 1053 te
1222 1009 1426 1073 petam,
1464 1015 1557 1054 re-

325 1084 516 1163 =peri0.
565 1101 680 1140 rem
696 1093 752 1138 et
775 1077 1035 1138 summam
1051 1082 1260 1156 negotii
1283 1080 1456 1141 vides.
1484 1101 1558 1141 c-

328 1167 566 1249 ‘quidem
605 1185 676 1226 ex
712 1168 824 1224 tuis
858 1165 1039 1225 literis
1068 1167 1340 1241 intellexi,
1372 1183 1427 1226 et
1456 1166 1557 1243 iis,

327 1275 478 1336 quas
502 1253 871 1313 communiter
894 1273 1022 1312 cum
1044 1252 1167 1312 aliis
1189 1251 1456 1332 scripsisti,
1494 1269 1559 1314 ct

333 1345 433 1416 iis,
465 1361 601 1420 quas
628 1356 726 1400 tuo
753 1341 1003 1422 nomine,
1050 1338 1204 1418 quod
1239 1342 1404 1399 etiam
1424 1359 1557 1401 mea

341 1429 537 1508 sponte
552 1427 830 1502 videbam,
855 1443 911 1484 te
920 1423 1359 1486 subdebilitatum
1374 1445 1557 1488 novas

335 1516 587 1575 rationes
599 1513 788 1573 tuendi
801 1511 909 1572 mei
920 1531 1194 1592 quaerere.
1201 1513 1352 1591 quod
1366 1511 1557 1574 scribis

339 1601 580 1683 placere,
596 1615 659 1658 ut
682 1601 910 1679 propius
936 1598 1241 1674 accedam,
1226 1615 1445 1680 iterque
1457 1621 1558 1680 per

333 1686 548 1767 oppida
579 1692 748 1745 n'ostu
779 1685 1012 1758 faciam3
1061 1706 1180 1745 non
1206 1685 1334 1746 sane
1364 1686 1557 1763 video,

331 1772 804 1854 quemadmodum
833 1770 892 1831 id
928 1772 1043 1832 fieri
1072 1773 1253 1853 possit.
1290 1793 1477 1853 neque
1496 1795 1557 1834 c·

341 1864 463 1921 nim
491 1862 570 1919 ita
607 1875 737 1940 apta
774 1861 950 1922 habeo
988 1857 1309 1936 diversoria,
1345 1875 1410 1919 ut
1430 1875 1556 1922 tota

323 1963 594 2028 ·tempora
616 1945 814 2007 diurna
837 1947 897 2004 in
930 1947 1014 2005 his
1034 1944 1243 2026 pulsum
1264 1945 1555 2007 consume·

337 2055 428 2108 τες
456 2054 636 2114 neque
657 2033 725 2093 ad
767 2032 848 2106 id,
872 2033 1023 2112 quod
1050 2035 1287 2111 quaeris,
1318 2034 1558 2094 multum

340 2119 586 2195 interest,
619 2136 805 2179 utrum
839 2140 931 2179 me
952 2121 1206 2178 homines
1246 2121 1304 2178 in
1344 2116 1559 2200 oppido

324 2205 592 2280 -videant,
625 2227 696 2264 an
725 2208 785 2266 in
821 2208 932 2264 via.
980 2205 1067 2264 sed
1110 2220 1293 2265 tamen
1326 2209 1435 2266 hoc
1468 2209 1581 2287 ip·-

341 2289 484 2366 sum,
508 2289 643 2352 ficut
659 2292 761 2350 alia
783 2290 1164 2366 confiderabo,
1194 2292 1557 2371 quemadmo-

342 2375 479 2436 dum
509 2377 934 2436 commodissirne
962 2377 1076 2437 fieri
1103 2375 1251 2457 poss'e
1278 2379 1554 2441 videatur.

338 2480 451 2540 ego
475 2476 702 2541 propter
715 2461 1091 2523 incredibilem
1109 2480 1165 2522 et
1180 2467 1417 2524 animict
1435 2486 1562 2526 cor-

339 2547 502 2630 poris
523 2545 825 2609 molestiam
847 2547 1121 2610 conficere
1152 2550 1345 2636 plures
1364 2551 1557 2614 literas
