1700 3084
348 161 472 252 'An
501 191 918 250 ATTICUM
940 193 1061 250 Lu.
1114 189 1217 248 xl.
1260 185 1373 258 367

156 307 363 354 natum
387 308 558 372 puto:
606 293 696 352 oui
717 290 755 351 fi
771 312 883 370 qua
906 313 964 352 re
979 288 1261 352 consulere
1277 289 1377 350 ali·

156 379 306 458 quid
331 377 569 458 pofl'um,
580 382 750 458 cupio
763 401 795 438 a
810 394 866 438 te
881 377 1187 438 admoneri.
1211 374 1377 438 video

157 466 404 526 eandem
419 463 522 524 esst
537 465 794 525 difficulta
801 481 933 539 tem,
946 485 1111 545 quam
1128 467 1188 523 in
1204 459 1381 524 confi·

155 551 244 610 lio
267 552 460 612 dando
485 568 635 610 ante:
655 568 839 611 tamen
856 555 964 612 hoc
981 572 1065 610 me
1081 552 1253 628 magis
1270 547 1377 608 sol·

157 637 373 712 licitat,
395 658 560 715 quam
583 639 792 698 omnia.
839 640 899 696 in
917 635 1173 716 penfione
1188 635 1385 698 secun·

42 741 48 748 ·
159 723 238 782 da
255 726 404 783 caeci
418 723 644 783 fuimus.
661 725 825 782 alium
853 722 1093 782 mallem.
1118 721 1205 780 sed
1222 742 1385 802 prae·

162 811 354 869 teriit.
396 824 452 868 te
473 830 578 870 oro
593 825 652 868 ut
677 813 733 868 fn
752 807 982 889 perditis
998 803 1381 886 rebugfiquid

163 896 324 974 cogi,
341 894 542 955 confici
570 894 767 975 potest,
797 894 949 974 quod
972 892 1035 953 fit
1057 896 1117 954 in
1139 909 1285 968 tuto,
1306 911 1382 954 ex

165 995 437 1059 argente,
469 1001 648 1060 neque
677 981 802 1040 satis
825 981 998 1040 multa
1020 1001 1092 1040 ex
1120 979 1379 1056 supellec·

169 1067 294 1140 tile,
311 1066 412 1126 des
443 1087 685 1146 operam.
705 1069 821 1145 jam
845 1067 996 1126 enim
1011 1069 1145 1126 mihi
1162 1065 1383 1126 videtur

167 1152 354 1214 adeffe
383 1169 711 1230 extremum,
740 1173 844 1212 nec
866 1151 973 1212 ulla
994 1151 1113 1212 fore
1128 1151 1385 1213 conditio

167 1239 353 1319 pacis,
372 1259 714 1319 eaque,quae
727 1239 877 1312 sunt,
891 1240 1053 1298 etiam
1069 1236 1179 1296 finit
1189 1239 1385 1296 adver·

168 1323 322 1384 sario
351 1328 613 1403 peritura.
658 1327 792 1384 haec
819 1326 1009 1399 etiarn,
1032 1321 1385 1398 fividebitur,

171 1405 306 1470 eum
325 1413 598 1472 Terentia
617 1409 848 1492 loqu-:are
876 1424 1211 1490 opportune.
1258 1427 1382 1468 non

171 1515 328 1574 que-o
367 1499 558 1558 omnia
599 1493 850 1559 scribet&
896 1495 1043 1559 vale.
1095 1513 1187 1556 1-11
1236 1513 1383 1554 non.

177 1583 396 1659 Quint.
651 1585 661 1596 ⁴
