1700 3084
348 160 471 215 AD
499 155 931 216 ATTICUM
955 159 1075 216 Lm.
1124 157 1258 214 ΧΠ.
1301 155 1415 214 6η

173 255 258 316 fo
275 254 544 335 provide.
593 253 923 334 providendi
938 269 1119 312 autem
1140 275 1250 312 una
1272 255 1423 313 ratio

177 339 348 415 est,fi
364 340 578 420 quidde
593 341 916 419 Scapulanis
932 339 1235 420 pofl'umns.
1252 354 1307 398 et
1318 359 1417 400 ve·

179 429 307 486 lim
349 448 442 486 me
471 429 764 485 certiorem
800 425 989 500 facias,
1036 447 1201 506 quam
1230 425 1326 484 diu
1357 427 1423 488 in

175 513 526 590 fitbnrbano
556 511 622 570 fis
638 511 879 573 futurus.
925 511 1067 592 apud
1090 513 1421 572 Terentiam

177 593 392 679 gratia
417 619 563 677 opus
593 597 668 656 est
685 598 846 657 nobis
866 594 984 673 tufi,
1007 615 1207 677 tuaque
1228 601 1421 659 aufto·

178 690 391 748 ritate:
417 683 508 743 sed
523 685 712 758 facies,
723 699 786 742 ut
799 685 1098 743 videbiturt
1116 682 1225 743 scio
1241 687 1415 761 enim,

179 772 234 833 fi
261 771 406 852 quid
431 791 553 829 mea
567 769 798 843 interfit,
817 773 919 829 tibi
942 771 1139 848 majori
1156 791 1315 829 curae
1328 771 1421 832 so-

181 858 316 919 lere
331 855 462 931 effe,
475 876 638 937 quam
657 858 810 916 mihi.
831 858 1049 915 Hirtius
1066 855 1133 916 ad
1150 855 1421 939 meserip-

185 944 291 1021 fit,
333 952 468 1002 Sex.
491 945 814 1022 Pompeium
843 938 1107 1001 corduba
1136 939 1323 1019 exiise,
1359 959 1423 1003 et

189 1028 400 1108 fugisse
432 1030 494 1086 in
521 1023 846 1106 Hispaniani
876 1031 1209 1102 citeriorem,
1236 1035 1419 1089 Cnae·

191 1139 300 1178 um
319 1113 514 1193 fugiffe
529 1113 714 1175 nescio
737 1109 871 1195 quo.
898 1133 1073 1194 neque
1089 1117 1235 1173 enim
1252 1135 1411 1176 curo.

193 1203 354 1265 nihil
393 1215 670 1281 praeterea
715 1203 871 1262 novi.
921 1201 1107 1259 literas
1148 1203 1423 1260 Narbone

191 1289 368 1350 dedit
379 1306 506 1348 xxv
533 1287 648 1346 kar.
668 1289 806 1346 Mai.
853 1288 1066 1348 mmihi
1092 1285 1161 1346 de
1192 1289 1416 1346 Caninii

193 1375 527 1450 naufragio,
551 1371 873 1452 quafidubia
897 1370 1100 1432 mifisti.
1148 1370 1350 1431 scribas
1366 1375 1421 1432 i·

191 1465 380 1542 gitur,
421 1458 462 1518 fi
498 1458 632 1538 quid
671 1461 786 1518 erit=
805 1461 1028 1519 certius.
1076 1457 1231 1538 quod
1258 1477 1347 1517 me
1382 1479 1421 1519 a

193 1547 482 1608 moestitia
511 1565 737 1620 avocata,
765 1545 1002 1605 multum
1026 1544 1245 1619 levaris,
1268 1543 1308 1604 fi
1330 1545 1421 1606 lo·

197 1653 339 1696 cum
361 1633 498 1691 fano
521 1631 759 1691 dederis.
815 1633 990 1691 multa
1020 1633 1154 1690 mihi
1179 1641 1237 1696 εἰς
1260 1638 1417 1692 ἀποοί-

196 1751 314 1782 ωσιν
339 1721 402 1777 in
417 1733 666 1778 mentem
692 1720 950 1778 veniunt.
998 1715 1085 1776 sed
1102 1717 1229 1778 loco
1259 1717 1424 1780 valde

201 1825 359 1886 opus
375 1803 470 1865 est.
518 1823 688 1885 quare
703 1807 869 1866 etiam
880 1804 1163 1864 Othonem
1176 1801 1325 1865 vide.

437 1997 708 2040 cxcEno
746 1996 1013 2038 Αττιοο
1048 1995 1196 2038 sar..

111 2062 184 2120 3⁸
295 2067 439 2125 Non
454 2066 671 2141 dubito,
689 2066 824 2143 quin
845 2063 1279 2144 occupatissimus
1297 2061 1425 2124 fue·

111 2155 118 2162 ’
207 2153 314 2226 ris,
329 2153 428 2230 qui
443 2151 510 2210 ad
534 2171 620 2210 me
633 2150 774 2209 nihii
791 2151 1092 2209 literarum.
1138 2147 1227 2209 sed
1246 2153 1425 2210 homo

207 2259 474 2316 nequam,
497 2239 592 2317 qui
611 2252 768 2296 tuum
789 2235 1143 2295 commodum
1174 2257 1293 2295 non
1318 2257 1431 2296 ex·-

211 2325 467 2406 pectant,
493 2344 618 2382 curn
640 2325 714 2382 ob
737 2341 857 2382 eam
872 2343 1037 2383 unam
1058 2322 1267 2382 causam
1292 2321 1421 2382 mis·

217 2408 471 2471 fiisesset.
519 2429 672 2468 nunc
694 2407 938 2489 quidem,
974 2407 1075 2468 nifi
1098 2409 1232 2488 quid
1259 2423 1313 2466 te
1337 2422 1427 2466 te·-

215 2497 373 2578 nuit,
383 2493 620 2582 suspicor
646 2511 702 2559 te
723 2493 826 2562 effe
840 2497 909 2559 in
924 2493 1261 2560 suburbano.
1286 2505 1429 2552 ate-
