<?xml version="1.0" encoding="UTF-8"?>
<!DOCTYPE html PUBLIC "-//W3C//DTD XHTML 1.0 Transitional//EN"
    "http://www.w3.org/TR/xhtml1/DTD/xhtml1-transitional.dtd">
<html xmlns="http://www.w3.org/1999/xhtml" xml:lang="en" lang="en">
 <head>
  <title>
</title>
<meta http-equiv="Content-Type" content="text/html;charset=utf-8" />
  <meta name='ocr-system' content='tesseract 3.04.00' />
  <meta name='ocr-capabilities' content='ocr_page ocr_carea ocr_par ocr_line ocrx_word'/>
</head>
<body>
  <div class='ocr_page' id='page_1' title='image "./mtulliiciceroni02unkngoog_0217.png"; bbox 0 0 1700 3084; ppageno 0'>
   <div class='ocr_carea' id='block_1_1' title="bbox 107 179 1349 618">
    <p class='ocr_par' dir='ltr' id='par_1_1' title="bbox 107 179 1349 618">
     <span class='ocr_line' id='line_1_1' title="bbox 266 179 1339 258; baseline 0 -14"><span class='ocrx_word' id='word_1_1' title='bbox 266 187 396 244; x_wconf 78' lang='lat' dir='ltr'>AD</span> <span class='ocrx_word' id='word_1_2' title='bbox 421 179 851 239; x_wconf 77' lang='lat' dir='ltr'><strong>ATTICUM</strong></span> <span class='ocrx_word' id='word_1_3' title='bbox 877 179 999 236; x_wconf 76' lang='lat' dir='ltr'>Lm.</span> <span class='ocrx_word' id='word_1_4' title='bbox 1042 181 1175 239; x_wconf 82' lang='grc' dir='ltr'>ΧΠ.</span> <span class='ocrx_word' id='word_1_5' title='bbox 1222 183 1339 258; x_wconf 76' lang='lat'>615</span> 
     </span>
     <span class='ocr_line' id='line_1_2' title="bbox 107 283 1343 356; baseline -0.003 -14"><span class='ocrx_word' id='word_1_6' title='bbox 107 285 322 344; x_wconf 71' lang='lat' dir='ltr'>habeo</span> <span class='ocrx_word' id='word_1_7' title='bbox 345 296 404 340; x_wconf 77' lang='lat' dir='ltr'>et</span> <span class='ocrx_word' id='word_1_8' title='bbox 427 283 700 356; x_wconf 67' lang='grc' dir='ltr'>Α’ριςοτὲλυς</span> <span class='ocrx_word' id='word_1_9' title='bbox 723 287 1041 346; x_wconf 60' lang='grc' dir='ltr'>Εἰθεοκᾶμπυ</span> <span class='ocrx_word' id='word_1_10' title='bbox 1054 289 1173 354; x_wconf 64' lang='grc' dir='ltr'>πρὸς</span> <span class='ocrx_word' id='word_1_11' title='bbox 1188 287 1343 349; x_wconf 75' lang='grc' dir='ltr'><strong>Α’λέξ-</strong></span> 
     </span>
     <span class='ocr_line' id='line_1_3' title="bbox 109 361 1345 446; baseline -0.004 -17"><span class='ocrx_word' id='word_1_12' title='bbox 109 385 330 446; x_wconf 62' lang='lat' dir='ltr'>avspovz</span> <span class='ocrx_word' id='word_1_13' title='bbox 349 365 442 428; x_wconf 87' lang='lat' dir='ltr'>sed</span> <span class='ocrx_word' id='word_1_14' title='bbox 463 363 598 445; x_wconf 82' lang='lat' dir='ltr'>quid</span> <span class='ocrx_word' id='word_1_15' title='bbox 629 361 824 424; x_wconf 68' lang='lat' dir='ltr'>fimilee</span> <span class='ocrx_word' id='word_1_16' title='bbox 863 366 947 424; x_wconf 72' lang='lat' dir='ltr'>ini</span> <span class='ocrx_word' id='word_1_17' title='bbox 968 380 1024 424; x_wconf 87' lang='lat' dir='ltr'>et</span> <span class='ocrx_word' id='word_1_18' title='bbox 1046 385 1187 446; x_wconf 82' lang='lat' dir='ltr'>quae</span> <span class='ocrx_word' id='word_1_19' title='bbox 1214 363 1345 442; x_wconf 66' lang='lat' dir='ltr'>ipfis</span> 
     </span>
     <span class='ocr_line' id='line_1_4' title="bbox 109 450 1347 529; baseline -0.005 -12"><span class='ocrx_word' id='word_1_20' title='bbox 109 454 370 518; x_wconf 81' lang='lat' dir='ltr'>honesta</span> <span class='ocrx_word' id='word_1_21' title='bbox 385 451 554 514; x_wconf 81' lang='lat' dir='ltr'>effent</span> <span class='ocrx_word' id='word_1_22' title='bbox 569 450 901 526; x_wconf 83' lang='lat' dir='ltr'>scribebant,</span> <span class='ocrx_word' id='word_1_23' title='bbox 922 467 983 512; x_wconf 88' lang='lat' dir='ltr'>et</span> <span class='ocrx_word' id='word_1_24' title='bbox 1000 467 1158 529; x_wconf 82' lang='lat' dir='ltr'><strong>grata</strong></span> <span class='ocrx_word' id='word_1_25' title='bbox 1174 451 1347 512; x_wconf 77' lang='lat' dir='ltr'>Alex.-</span> 
     </span>
     <span class='ocr_line' id='line_1_5' title="bbox 115 536 1349 618; baseline -0.003 -16"><span class='ocrx_word' id='word_1_26' title='bbox 115 539 346 602; x_wconf 80' lang='lat' dir='ltr'>andro.</span> <span class='ocrx_word' id='word_1_27' title='bbox 394 537 594 618; x_wconf 87' lang='lat' dir='ltr'><strong>ecquid</strong></span> <span class='ocrx_word' id='word_1_28' title='bbox 611 553 672 598; x_wconf 90' lang='lat' dir='ltr'>tu</span> <span class='ocrx_word' id='word_1_29' title='bbox 696 536 962 614; x_wconf 83' lang='lat' dir='ltr'>ejufinodi</span> <span class='ocrx_word' id='word_1_30' title='bbox 978 539 1215 618; x_wconf 76' lang='lat' dir='ltr'>reperis?</span> <span class='ocrx_word' id='word_1_31' title='bbox 1240 539 1349 598; x_wconf 87' lang='lat' dir='ltr'>mi·</span> 
     </span>
    </p>
   </div>
   <div class='ocr_carea' id='block_1_2' title="bbox 119 622 1461 706">
    <p class='ocr_par' dir='ltr' id='par_1_2' title="bbox 119 622 1461 706">
     <span class='ocr_line' id='line_1_6' title="bbox 119 622 1461 706; baseline -0.001 -19"><span class='ocrx_word' id='word_1_32' title='bbox 119 630 188 688; x_wconf 86' lang='lat' dir='ltr'>hi</span> <span class='ocrx_word' id='word_1_33' title='bbox 215 627 452 706; x_wconf 87' lang='lat' dir='ltr'>quidem</span> <span class='ocrx_word' id='word_1_34' title='bbox 467 625 608 684; x_wconf 85' lang='lat' dir='ltr'>nihil</span> <span class='ocrx_word' id='word_1_35' title='bbox 625 627 686 684; x_wconf 86' lang='lat' dir='ltr'>in</span> <span class='ocrx_word' id='word_1_36' title='bbox 699 639 942 684; x_wconf 86' lang='lat' dir='ltr'><strong>mentem</strong></span> <span class='ocrx_word' id='word_1_37' title='bbox 972 627 1147 685; x_wconf 87' lang='lat' dir='ltr'>venit.</span> <span class='ocrx_word' id='word_1_38' title='bbox 1194 622 1351 705; x_wconf 83' lang='lat' dir='ltr'><strong>quod</strong></span> <span class='ocrx_word' id='word_1_39' title='bbox 1442 693 1461 706; x_wconf 54' lang='grc'>,</span> 
     </span>
    </p>
   </div>
   <div class='ocr_carea' id='block_1_3' title="bbox 121 712 1393 2616">
    <p class='ocr_par' dir='ltr' id='par_1_3' title="bbox 121 712 1393 2616">
     <span class='ocr_line' id='line_1_7' title="bbox 121 712 1351 788; baseline -0.001 -15"><span class='ocrx_word' id='word_1_40' title='bbox 121 713 336 774; x_wconf 82' lang='lat' dir='ltr'>scribis</span> <span class='ocrx_word' id='word_1_41' title='bbox 355 727 410 772; x_wconf 87' lang='lat' dir='ltr'>te</span> <span class='ocrx_word' id='word_1_42' title='bbox 424 712 622 785; x_wconf 84' lang='lat' dir='ltr'>vereri,</span> <span class='ocrx_word' id='word_1_43' title='bbox 638 731 709 770; x_wconf 88' lang='lat' dir='ltr'>ne</span> <span class='ocrx_word' id='word_1_44' title='bbox 731 724 785 770; x_wconf 93' lang='lat' dir='ltr'>et</span> <span class='ocrx_word' id='word_1_45' title='bbox 799 713 977 788; x_wconf 57' lang='lat' dir='ltr'>gratia</span> <span class='ocrx_word' id='word_1_46' title='bbox 987 727 1043 772; x_wconf 85' lang='lat' dir='ltr'>et</span> <span class='ocrx_word' id='word_1_47' title='bbox 1054 712 1351 772; x_wconf 64' lang='lat' dir='ltr'>auetoritas</span> 
     </span>
     <span class='ocr_line' id='line_1_8' title="bbox 125 799 1353 876; baseline -0.003 -16"><span class='ocrx_word' id='word_1_48' title='bbox 125 799 334 860; x_wconf 86' lang='lat' dir='ltr'>nostra</span> <span class='ocrx_word' id='word_1_49' title='bbox 351 802 462 858; x_wconf 88' lang='lat' dir='ltr'>hoc</span> <span class='ocrx_word' id='word_1_50' title='bbox 477 817 604 858; x_wconf 85' lang='lat' dir='ltr'>meo</span> <span class='ocrx_word' id='word_1_51' title='bbox 625 816 881 858; x_wconf 81' lang='lat' dir='ltr'>moerore</span> <span class='ocrx_word' id='word_1_52' title='bbox 902 799 1205 858; x_wconf 71' lang='lat' dir='ltr'>minuatim</span> <span class='ocrx_word' id='word_1_53' title='bbox 1222 818 1353 876; x_wconf 78' lang='lat' dir='ltr'>ege,</span> 
     </span>
     <span class='ocr_line' id='line_1_9' title="bbox 125 881 1389 966; baseline -0.001 -21"><span class='ocrx_word' id='word_1_54' title='bbox 125 885 278 966; x_wconf 87' lang='lat' dir='ltr'>quid</span> <span class='ocrx_word' id='word_1_55' title='bbox 293 885 550 944; x_wconf 80' lang='lat' dir='ltr'>homines</span> <span class='ocrx_word' id='word_1_56' title='bbox 567 898 665 943; x_wconf 85' lang='lat' dir='ltr'>aut</span> <span class='ocrx_word' id='word_1_57' title='bbox 677 883 1101 962; x_wconf 83' lang='lat' dir='ltr'>reprehendant,</span> <span class='ocrx_word' id='word_1_58' title='bbox 1116 898 1211 944; x_wconf 82' lang='lat' dir='ltr'>aut</span> <span class='ocrx_word' id='word_1_59' title='bbox 1226 881 1353 964; x_wconf 88' lang='lat' dir='ltr'><strong>pos·</strong></span> <span class='ocrx_word' id='word_1_60' title='bbox 1384 897 1389 902; x_wconf 88' lang='grc'><em>“</em></span> 
     </span>
     <span class='ocr_line' id='line_1_10' title="bbox 129 968 1355 1052; baseline -0.002 -20"><span class='ocrx_word' id='word_1_61' title='bbox 129 973 352 1046; x_wconf 81' lang='lat' dir='ltr'>tulent,</span> <span class='ocrx_word' id='word_1_62' title='bbox 377 968 586 1043; x_wconf 87' lang='lat' dir='ltr'>nescio;</span> <span class='ocrx_word' id='word_1_63' title='bbox 608 969 933 1029; x_wconf 79' lang='lat' dir='ltr'>nedoleam?</span> <span class='ocrx_word' id='word_1_64' title='bbox 950 973 1045 1048; x_wconf 87' lang='lat' dir='ltr'>qui</span> <span class='ocrx_word' id='word_1_65' title='bbox 1056 970 1261 1052; x_wconf 77' lang='lat' dir='ltr'>potest?</span> <span class='ocrx_word' id='word_1_66' title='bbox 1280 989 1355 1030; x_wconf 86' lang='lat' dir='ltr'>ne</span> 
     </span>
     <span class='ocr_line' id='line_1_11' title="bbox 127 1057 1351 1137; baseline -0.002 -19"><span class='ocrx_word' id='word_1_67' title='bbox 127 1057 385 1137; x_wconf 77' lang='lat' dir='ltr'>jaceam?</span> <span class='ocrx_word' id='word_1_68' title='bbox 421 1059 550 1134; x_wconf 80' lang='lat' dir='ltr'>quis</span> <span class='ocrx_word' id='word_1_69' title='bbox 569 1075 814 1134; x_wconf 81' lang='lat' dir='ltr'>unquam</span> <span class='ocrx_word' id='word_1_70' title='bbox 847 1057 1063 1116; x_wconf 78' lang='lat' dir='ltr'>minus?</span> <span class='ocrx_word' id='word_1_71' title='bbox 1096 1057 1228 1118; x_wconf 76' lang='lat' dir='ltr'>dum</span> <span class='ocrx_word' id='word_1_72' title='bbox 1254 1071 1351 1116; x_wconf 75' lang='lat' dir='ltr'>tua</span> 
     </span>
     <span class='ocr_line' id='line_1_12' title="bbox 139 1141 1353 1222; baseline -0.003 -16"><span class='ocrx_word' id='word_1_73' title='bbox 139 1165 232 1206; x_wconf 82' lang='lat' dir='ltr'>me</span> <span class='ocrx_word' id='word_1_74' title='bbox 267 1142 474 1204; x_wconf 78' lang='lat' dir='ltr'><strong>domus</strong></span> <span class='ocrx_word' id='word_1_75' title='bbox 495 1141 731 1216; x_wconf 82' lang='lat' dir='ltr'>levabat,</span> <span class='ocrx_word' id='word_1_76' title='bbox 755 1145 883 1222; x_wconf 83' lang='lat' dir='ltr'>quis</span> <span class='ocrx_word' id='word_1_77' title='bbox 904 1163 941 1202; x_wconf 82' lang='lat' dir='ltr'>a</span> <span class='ocrx_word' id='word_1_78' title='bbox 960 1163 1049 1202; x_wconf 87' lang='lat' dir='ltr'>me</span> <span class='ocrx_word' id='word_1_79' title='bbox 1070 1142 1353 1204; x_wconf 63' lang='lat' dir='ltr'>exclusus?</span> 
     </span>
     <span class='ocr_line' id='line_1_13' title="bbox 145 1227 1357 1310; baseline -0.002 -20"><span class='ocrx_word' id='word_1_80' title='bbox 145 1232 282 1310; x_wconf 78' lang='lat' dir='ltr'>quis</span> <span class='ocrx_word' id='word_1_81' title='bbox 320 1231 501 1304; x_wconf 69' lang='lat' dir='ltr'>venit,</span> <span class='ocrx_word' id='word_1_82' title='bbox 533 1230 631 1308; x_wconf 86' lang='lat' dir='ltr'>qui</span> <span class='ocrx_word' id='word_1_83' title='bbox 667 1227 1065 1290; x_wconf 69' lang='lat' dir='ltr'>offenderetur?</span> <span class='ocrx_word' id='word_1_84' title='bbox 1107 1228 1357 1289; x_wconf 81' lang='lat' dir='ltr'>Asturam</span> 
     </span>
     <span class='ocr_line' id='line_1_14' title="bbox 147 1314 1355 1396; baseline -0.002 -19"><span class='ocrx_word' id='word_1_85' title='bbox 147 1315 268 1378; x_wconf 87' lang='lat' dir='ltr'>sum</span> <span class='ocrx_word' id='word_1_86' title='bbox 288 1337 324 1375; x_wconf 84' lang='lat' dir='ltr'>a</span> <span class='ocrx_word' id='word_1_87' title='bbox 348 1331 402 1375; x_wconf 83' lang='lat' dir='ltr'>te</span> <span class='ocrx_word' id='word_1_88' title='bbox 431 1315 735 1396; x_wconf 59' lang='lat' dir='ltr'>profeaus:</span> <span class='ocrx_word' id='word_1_89' title='bbox 762 1314 943 1394; x_wconf 84' lang='lat' dir='ltr'>legere</span> <span class='ocrx_word' id='word_1_90' title='bbox 969 1314 1051 1374; x_wconf 88' lang='lat' dir='ltr'>isti</span> <span class='ocrx_word' id='word_1_91' title='bbox 1079 1314 1231 1390; x_wconf 83' lang='lat' dir='ltr'>laeti,</span> <span class='ocrx_word' id='word_1_92' title='bbox 1257 1316 1355 1394; x_wconf 87' lang='lat' dir='ltr'>qui</span> 
     </span>
     <span class='ocr_line' id='line_1_15' title="bbox 141 1397 1357 1483; baseline -0.002 -19"><span class='ocrx_word' id='word_1_93' title='bbox 141 1423 232 1474; x_wconf 68' lang='lat' dir='ltr'>me</span> <span class='ocrx_word' id='word_1_94' title='bbox 266 1401 706 1483; x_wconf 84' lang='lat' dir='ltr'>reprehendunt,</span> <span class='ocrx_word' id='word_1_95' title='bbox 742 1416 865 1462; x_wconf 84' lang='lat' dir='ltr'><strong>tam·</strong></span> <span class='ocrx_word' id='word_1_96' title='bbox 894 1401 1067 1461; x_wconf 74' lang='lat' dir='ltr'>muln</span> <span class='ocrx_word' id='word_1_97' title='bbox 1094 1421 1213 1462; x_wconf 84' lang='lat' dir='ltr'>non</span> <span class='ocrx_word' id='word_1_98' title='bbox 1231 1397 1357 1480; x_wconf 85' lang='lat' dir='ltr'><strong>pos·</strong></span> 
     </span>
     <span class='ocr_line' id='line_1_16' title="bbox 139 1485 1354 1570; baseline -0.002 -20"><span class='ocrx_word' id='word_1_99' title='bbox 139 1489 291 1564; x_wconf 80' lang='lat' dir='ltr'>sunt,</span> <span class='ocrx_word' id='word_1_100' title='bbox 307 1509 476 1570; x_wconf 86' lang='lat' dir='ltr'><strong>quam</strong></span> <span class='ocrx_word' id='word_1_101' title='bbox 492 1507 594 1566; x_wconf 87' lang='lat' dir='ltr'>ego</span> <span class='ocrx_word' id='word_1_102' title='bbox 610 1485 807 1566; x_wconf 77' lang='lat' dir='ltr'>scripsi.</span> <span class='ocrx_word' id='word_1_103' title='bbox 845 1507 1011 1567; x_wconf 84' lang='lat' dir='ltr'><strong>quam</strong></span> <span class='ocrx_word' id='word_1_104' title='bbox 1034 1489 1197 1561; x_wconf 85' lang='lat' dir='ltr'>bene,</span> <span class='ocrx_word' id='word_1_105' title='bbox 1212 1486 1354 1548; x_wconf 77' lang='lat' dir='ltr'>nihil</span> 
     </span>
     <span class='ocr_line' id='line_1_17' title="bbox 140 1572 1393 1655; baseline 0 -19"><span class='ocrx_word' id='word_1_106' title='bbox 140 1576 212 1636; x_wconf 84' lang='lat' dir='ltr'>ad</span> <span class='ocrx_word' id='word_1_107' title='bbox 227 1596 366 1636; x_wconf 86' lang='lat' dir='ltr'>rem.</span> <span class='ocrx_word' id='word_1_108' title='bbox 387 1572 475 1633; x_wconf 89' lang='lat' dir='ltr'>sed</span> <span class='ocrx_word' id='word_1_109' title='bbox 491 1595 666 1652; x_wconf 87' lang='lat' dir='ltr'>genus</span> <span class='ocrx_word' id='word_1_110' title='bbox 683 1572 959 1636; x_wconf 85' lang='lat' dir='ltr'>scribendi</span> <span class='ocrx_word' id='word_1_111' title='bbox 972 1573 1031 1634; x_wconf 89' lang='lat' dir='ltr'>id</span> <span class='ocrx_word' id='word_1_112' title='bbox 1045 1573 1172 1647; x_wconf 88' lang='lat' dir='ltr'>fuit,</span> <span class='ocrx_word' id='word_1_113' title='bbox 1196 1572 1353 1655; x_wconf 82' lang='lat' dir='ltr'>quod</span> <span class='ocrx_word' id='word_1_114' title='bbox 1388 1581 1393 1585; x_wconf 78' lang='grc'><strong>’</strong></span> 
     </span>
     <span class='ocr_line' id='line_1_18' title="bbox 141 1659 1352 1740; baseline -0.003 -16"><span class='ocrx_word' id='word_1_115' title='bbox 141 1683 308 1724; x_wconf 87' lang='lat' dir='ltr'>nemo</span> <span class='ocrx_word' id='word_1_116' title='bbox 334 1661 548 1740; x_wconf 66' lang='lat' dir='ltr'>abjefito</span> <span class='ocrx_word' id='word_1_117' title='bbox 577 1663 768 1720; x_wconf 85' lang='lat' dir='ltr'>animo</span> <span class='ocrx_word' id='word_1_118' title='bbox 798 1661 972 1722; x_wconf 86' lang='lat' dir='ltr'>facere</span> <span class='ocrx_word' id='word_1_119' title='bbox 1002 1659 1192 1740; x_wconf 68' lang='lat' dir='ltr'>postet.</span> <span class='ocrx_word' id='word_1_120' title='bbox 1250 1663 1352 1721; x_wconf 87' lang='lat' dir='ltr'>tri-</span> 
     </span>
     <span class='ocr_line' id='line_1_19' title="bbox 143 1746 1352 1828; baseline 0 -20"><span class='ocrx_word' id='word_1_121' title='bbox 143 1753 301 1828; x_wconf 79' lang='lat' dir='ltr'>ginta</span> <span class='ocrx_word' id='word_1_122' title='bbox 314 1748 506 1809; x_wconf 88' lang='lat' dir='ltr'>diesin</span> <span class='ocrx_word' id='word_1_123' title='bbox 523 1749 700 1808; x_wconf 77' lang='lat' dir='ltr'>hortis</span> <span class='ocrx_word' id='word_1_124' title='bbox 717 1746 826 1812; x_wconf 70' lang='lat' dir='ltr'>fuit.</span> <span class='ocrx_word' id='word_1_125' title='bbox 837 1751 965 1828; x_wconf 76' lang='lat' dir='ltr'>quis</span> <span class='ocrx_word' id='word_1_126' title='bbox 980 1765 1076 1812; x_wconf 81' lang='lat' dir='ltr'>aut</span> <span class='ocrx_word' id='word_1_127' title='bbox 1086 1746 1352 1828; x_wconf 82' lang='lat' dir='ltr'>congres-</span> 
     </span>
     <span class='ocr_line' id='line_1_20' title="bbox 143 1833 1354 1909; baseline -0.002 -13"><span class='ocrx_word' id='word_1_128' title='bbox 143 1835 268 1896; x_wconf 84' lang='lat' dir='ltr'>sum</span> <span class='ocrx_word' id='word_1_129' title='bbox 277 1855 480 1909; x_wconf 80' lang='lat' dir='ltr'>meum,</span> <span class='ocrx_word' id='word_1_130' title='bbox 503 1850 600 1894; x_wconf 81' lang='lat' dir='ltr'>aut</span> <span class='ocrx_word' id='word_1_131' title='bbox 622 1833 943 1896; x_wconf 82' lang='lat' dir='ltr'>facilitatem</span> <span class='ocrx_word' id='word_1_132' title='bbox 967 1834 1235 1896; x_wconf 78' lang='lat' dir='ltr'>sermonis</span> <span class='ocrx_word' id='word_1_133' title='bbox 1258 1834 1354 1895; x_wconf 89' lang='lat' dir='ltr'>de-</span> 
     </span>
     <span class='ocr_line' id='line_1_21' title="bbox 147 1918 1355 2001; baseline -0.004 -17"><span class='ocrx_word' id='word_1_134' title='bbox 147 1921 427 1984; x_wconf 74' lang='lat' dir='ltr'>fideravit?</span> <span class='ocrx_word' id='word_1_135' title='bbox 442 1941 594 1980; x_wconf 85' lang='lat' dir='ltr'>nunc</span> <span class='ocrx_word' id='word_1_136' title='bbox 611 1918 889 2001; x_wconf 59' lang='lat' dir='ltr'>ipsum2ea</span> <span class='ocrx_word' id='word_1_137' title='bbox 905 1922 1053 1999; x_wconf 88' lang='lat' dir='ltr'>leg0,</span> <span class='ocrx_word' id='word_1_138' title='bbox 1068 1943 1131 1982; x_wconf 85' lang='lat' dir='ltr'>ea</span> <span class='ocrx_word' id='word_1_139' title='bbox 1154 1920 1355 1998; x_wconf 79' lang='lat' dir='ltr'>scribo,</span> 
     </span>
     <span class='ocr_line' id='line_1_22' title="bbox 150 2007 1355 2088; baseline -0.005 -18"><span class='ocrx_word' id='word_1_140' title='bbox 150 2025 214 2070; x_wconf 87' lang='lat' dir='ltr'>ut</span> <span class='ocrx_word' id='word_1_141' title='bbox 227 2009 290 2085; x_wconf 81' lang='lat' dir='ltr'>ii,</span> <span class='ocrx_word' id='word_1_142' title='bbox 319 2009 418 2088; x_wconf 84' lang='lat' dir='ltr'>qui</span> <span class='ocrx_word' id='word_1_143' title='bbox 447 2027 660 2068; x_wconf 88' lang='lat' dir='ltr'>mecum</span> <span class='ocrx_word' id='word_1_144' title='bbox 685 2007 837 2084; x_wconf 85' lang='lat' dir='ltr'>sunt,</span> <span class='ocrx_word' id='word_1_145' title='bbox 858 2007 1137 2069; x_wconf 80' lang='lat' dir='ltr'>difficilius</span> <span class='ocrx_word' id='word_1_146' title='bbox 1174 2008 1355 2072; x_wconf 82' lang='lat' dir='ltr'>otium</span> 
     </span>
     <span class='ocr_line' id='line_1_23' title="bbox 153 2093 1357 2174; baseline -0.002 -17"><span class='ocrx_word' id='word_1_147' title='bbox 153 2096 349 2169; x_wconf 83' lang='lat' dir='ltr'>ferant,</span> <span class='ocrx_word' id='word_1_148' title='bbox 363 2115 529 2173; x_wconf 85' lang='lat' dir='ltr'><strong>quam</strong></span> <span class='ocrx_word' id='word_1_149' title='bbox 549 2115 656 2171; x_wconf 84' lang='lat' dir='ltr'>ego</span> <span class='ocrx_word' id='word_1_150' title='bbox 667 2093 930 2156; x_wconf 80' lang='lat' dir='ltr'>laborem.</span> <span class='ocrx_word' id='word_1_151' title='bbox 976 2093 1015 2155; x_wconf 86' lang='lat' dir='ltr'>fi</span> <span class='ocrx_word' id='word_1_152' title='bbox 1031 2097 1154 2174; x_wconf 83' lang='lat' dir='ltr'>quis</span> <span class='ocrx_word' id='word_1_153' title='bbox 1173 2095 1357 2174; x_wconf 63' lang='lat' dir='ltr'>requie</span> 
     </span>
     <span class='ocr_line' id='line_1_24' title="bbox 157 2179 1357 2260; baseline -0.003 -17"><span class='ocrx_word' id='word_1_154' title='bbox 157 2184 250 2256; x_wconf 86' lang='lat' dir='ltr'>rit,</span> <span class='ocrx_word' id='word_1_155' title='bbox 279 2202 379 2241; x_wconf 85' lang='lat' dir='ltr'>cur</span> <span class='ocrx_word' id='word_1_156' title='bbox 403 2185 611 2239; x_wconf 82' lang='lat' dir='ltr'>Romae</span> <span class='ocrx_word' id='word_1_157' title='bbox 635 2201 756 2242; x_wconf 88' lang='lat' dir='ltr'>non</span> <span class='ocrx_word' id='word_1_158' title='bbox 791 2179 910 2242; x_wconf 80' lang='lat' dir='ltr'>fim:</span> <span class='ocrx_word' id='word_1_159' title='bbox 952 2183 1081 2260; x_wconf 85' lang='lat' dir='ltr'>quia</span> <span class='ocrx_word' id='word_1_160' title='bbox 1105 2179 1357 2242; x_wconf 78' lang='lat' dir='ltr'>discess&#39;us</span> 
     </span>
     <span class='ocr_line' id='line_1_25' title="bbox 158 2264 1379 2348; baseline -0.002 -20"><span class='ocrx_word' id='word_1_161' title='bbox 158 2267 250 2328; x_wconf 89' lang='lat' dir='ltr'>est.</span> <span class='ocrx_word' id='word_1_162' title='bbox 295 2289 395 2326; x_wconf 84' lang='lat' dir='ltr'>cur</span> <span class='ocrx_word' id='word_1_163' title='bbox 423 2287 543 2326; x_wconf 86' lang='lat' dir='ltr'>non</span> <span class='ocrx_word' id='word_1_164' title='bbox 555 2264 726 2328; x_wconf 86' lang='lat' dir='ltr'>fimin</span> <span class='ocrx_word' id='word_1_165' title='bbox 751 2270 838 2328; x_wconf 86' lang='lat' dir='ltr'>his</span> <span class='ocrx_word' id='word_1_166' title='bbox 868 2270 1007 2328; x_wconf 83' lang='lat' dir='ltr'>meis</span> <span class='ocrx_word' id='word_1_167' title='bbox 1037 2264 1379 2348; x_wconf 80' lang='lat' dir='ltr'>praediolis‚&#39;</span> 
     </span>
     <span class='ocr_line' id='line_1_26' title="bbox 157 2352 1355 2434; baseline -0.003 -20"><span class='ocrx_word' id='word_1_168' title='bbox 157 2375 290 2434; x_wconf 82' lang='lat' dir='ltr'>quae</span> <span class='ocrx_word' id='word_1_169' title='bbox 307 2353 431 2412; x_wconf 88' lang='lat' dir='ltr'>sunt</span> <span class='ocrx_word' id='word_1_170' title='bbox 449 2352 614 2430; x_wconf 81' lang='lat' dir='ltr'><strong>hujus</strong></span> <span class='ocrx_word' id='word_1_171' title='bbox 633 2357 921 2434; x_wconf 80' lang='lat' dir='ltr'>temporis:</span> <span class='ocrx_word' id='word_1_172' title='bbox 940 2356 1069 2434; x_wconf 86' lang='lat' dir='ltr'>quia</span> <span class='ocrx_word' id='word_1_173' title='bbox 1094 2354 1355 2432; x_wconf 86' lang='lat' dir='ltr'>frequen·</span> 
     </span>
     <span class='ocr_line' id='line_1_27' title="bbox 164 2438 1357 2510; baseline -0.004 -10"><span class='ocrx_word' id='word_1_174' title='bbox 164 2444 288 2510; x_wconf 81' lang='lat' dir='ltr'>tiam</span> <span class='ocrx_word' id='word_1_175' title='bbox 317 2439 466 2499; x_wconf 84' lang='lat' dir='ltr'>illam</span> <span class='ocrx_word' id='word_1_176' title='bbox 484 2459 602 2498; x_wconf 87' lang='lat' dir='ltr'>non</span> <span class='ocrx_word' id='word_1_177' title='bbox 627 2439 785 2500; x_wconf 86' lang='lat' dir='ltr'>facile</span> <span class='ocrx_word' id='word_1_178' title='bbox 800 2442 1017 2500; x_wconf 85' lang='lat' dir='ltr'>ferrem.</span> <span class='ocrx_word' id='word_1_179' title='bbox 1068 2442 1141 2498; x_wconf 87' lang='lat' dir='ltr'>ibi</span> <span class='ocrx_word' id='word_1_180' title='bbox 1170 2438 1285 2496; x_wconf 87' lang='lat' dir='ltr'>sum</span> <span class='ocrx_word' id='word_1_181' title='bbox 1306 2440 1357 2496; x_wconf 79' lang='lat' dir='ltr'>i-</span> 
     </span>
     <span class='ocr_line' id='line_1_28' title="bbox 161 2525 1362 2616; baseline -0.008 -28"><span class='ocrx_word' id='word_1_182' title='bbox 161 2529 328 2614; x_wconf 57' lang='lat' dir='ltr'>gituq</span> <span class='ocrx_word' id='word_1_183' title='bbox 345 2527 438 2588; x_wconf 84' lang='lat' dir='ltr'>ubi</span> <span class='ocrx_word' id='word_1_184' title='bbox 451 2527 524 2604; x_wconf 80' lang='lat' dir='ltr'>is,</span> <span class='ocrx_word' id='word_1_185' title='bbox 535 2527 632 2612; x_wconf 80' lang='lat' dir='ltr'>qui</span> <span class='ocrx_word' id='word_1_186' title='bbox 653 2529 890 2616; x_wconf 61' lang='lat' dir='ltr'>optimas</span> <span class='ocrx_word' id='word_1_187' title='bbox 928 2529 1085 2590; x_wconf 80' lang='lat' dir='ltr'>Baias</span> <span class='ocrx_word' id='word_1_188' title='bbox 1102 2525 1362 2597; x_wconf 66' lang='lat' dir='ltr'>habebat,</span> 
     </span>
    </p>
   </div>
  </div>
 </body>
</html>
