1700 3084
346 201 462 262 524
604 187 1272 246 EmsToLARUM

339 293 482 354 meis
501 291 723 369 opibus,
749 286 789 348 fi
815 309 959 368 quae
981 286 1147 360 sunt;
1196 289 1329 360 tuis,
1354 290 1560 368 quibus

339 380 446 439 tibi
465 375 746 438 molestum
772 397 891 434 non
916 376 1046 449 erit,
1064 375 1437 435 facultatibus:
1470 382 1559 438 cui

341 466 567 546 quidem
591 461 764 523 deeffe
785 464 1000 537 omnia,
1028 462 1180 539 quod
1207 461 1416 537 scribis,
1452 467 1559 524 ob-

341 553 496 618 secro
508 567 562 610 te
578 549 697 610 noli
715 552 827 629 pati
841 572 861 608 ε
909 552 967 608 in
984 569 1127 626 quos
1139 551 1285 608 enim
1306 547 1556 629 sumptus

339 641 546 700 abeunt
559 635 766 696 fruaus
783 635 1157 715 praediorum?
1189 635 1307 713 jam
1326 636 1415 694 illa
1434 643 1557 698 H-s

346 747 450 789 Lx.
501 744 642 804 quae
681 721 893 794 scribis,
944 743 1111 780 nemo
1142 724 1276 782 mihi
1307 742 1553 801 unquam

337 813 484 874 dixit
520 831 592 870 ex
623 809 756 869 dote
787 807 893 867 effe
930 807 1167 867 detracsta
1186 831 1206 868 t
1262 829 1555 888 nunquam

337 902 487 960 enhn
519 895 674 956 cffem
699 895 897 974 passus·
948 894 1033 954 sed
1064 899 1195 956 baec
1224 897 1460 955 minima
1478 897 1555 958 est

337 988 494 1046 exiis
513 986 753 1060 hujux-iix,
770 1003 909 1061 quas
925 985 1107 1062 accepi
1127 1005 1146 1055 ;
1172 981 1239 1042 de
1262 984 1466 1056 quibus
1480 984 1551 1044 ad

335 1087 396 1132 te
411 1071 606 1130 dolore
618 1087 674 1129 et
694 1071 951 1147 lacrymis
974 1068 1201 1128 scribere
1226 1072 1549 1150 prohibeor.

335 1179 485 1219 exea
509 1159 764 1236 pecunia,
783 1177 924 1235 quae
940 1155 1047 1214 fuit
1060 1157 1119 1214 in
1145 1155 1293 1228 Afia,
1337 1172 1548 1236 partem

331 1245 613 1307 dimidiam
643 1241 762 1301 fere
795 1245 979 1320 exegi.
1049 1245 1221 1302 tutius
1254 1243 1553 1305 videbatur

335 1331 568 1400 foreibi,
594 1332 688 1388 ubi
705 1328 802 1397 est,
841 1349 1006 1407 quam
1030 1328 1173 1408 apud
1192 1329 1543 1410 publicanos-

333 1418 494 1499 qubd
525 1439 612 1476 me
643 1418 881 1476 hortaris
906 1432 967 1474 ut
998 1413 1161 1475 firmo
1198 1415 1292 1475 fim
1332 1419 1547 1495 animo,

332 1504 531 1565 vellem
549 1502 941 1584 poss'esaliquid
957 1501 1173 1578 afferre,
1184 1506 1545 1582 quamobrem

329 1591 386 1651 id
404 1590 577 1650 facere
595 1587 818 1668 poss‘em:
837 1588 947 1660 sed,
974 1587 1011 1647 fi
1028 1589 1094 1647 ad
1113 1607 1355 1649 caeteras
1388 1589 1543 1650 mise·-

329 1679 438 1737 rias
469 1677 676 1735 accessit
698 1677 865 1736 etiam
893 1677 969 1749 id,
1006 1675 1158 1753 quod
1196 1679 1330 1735 mihi
1363 1681 1541 1756 Chry·-

329 1760 510 1843 fippus
527 1761 668 1822 dixit
692 1765 895 1842 parari,
939 1761 965 1828 (
972 1779 1029 1821 tu
1052 1763 1192 1822 nihil
1210 1762 1543 1840 fignificasti)

327 1849 400 1910 de
415 1849 608 1922 domo,
637 1853 763 1928 quis
779 1871 867 1907 me
880 1848 1126 1908 miserior
1144 1851 1386 1926 unojam
1404 1850 1537 1910 fuit?

279 1948 296 1962 '
327 1957 459 2012 oro,
497 1935 748 2010 obsecro,
773 1935 1013 2014 ignosce:
1040 1957 1157 1994 non
1184 1935 1398 2016 poss’um
1424 1937 1541 2016 plu·

327 2023 647 2084 rasel-ibere.
667 2039 883 2102 quanto
896 2023 1147 2081 moerore
1170 2043 1390 2098 urgear,
1406 2045 1539 2102 pro-

325 2109 472 2170 festo
488 2111 670 2170 vides:
718 2110 867 2187 quod
894 2108 929 2167 fi
947 2111 1079 2166 mihi
1096 2129 1393 2170 commune
1411 2131 1537 2170 cum

325 2198 556 2255 caeteris
579 2195 829 2273 effct,qui
842 2195 1104 2254 vide'ntur
1119 2197 1176 2254 in
1196 2195 1383 2255 eadem
1402 2219 1530 2256 cau-

325 2279 384 2340 sa
405 2277 529 2352 effe,
547 2284 734 2338 minor
755 2302 874 2340 mea
898 2282 1057 2361 culpa
1076 2281 1373 2358 viderequr,
1396 2300 1452 2343 et
1468 2303 1535 2342 eo

325 2364 670 2424 tolerabilior
691 2365 840 2424 effer.
892 2387 1043 2425 nunc
1076 2368 1215 2426 nihil
1252 2367 1350 2440 est,
1381 2368 1533 2448 quod

324 2447 675 2517 consoletur:
726 2450 826 2508 nifi
847 2452 981 2528 quid
1007 2467 1065 2509 tu
1084 2454 1275 2526 efficis,
1306 2455 1343 2513 fi
1361 2455 1535 2515 modo

309 2537 488 2594 etiam
503 2553 658 2596 nunc
679 2536 820 2596 effici
838 2537 1039 2614 potest,
1062 2553 1125 2597 ut
1138 2559 1335 2620 nequa
1350 2539 1534 2621 fingu-
