1700 3084
295 195 424 250 AD
458 191 1032 252 ATTICUMLm.
1060 201 1193 258 ΧΠ.
1238 196 1347 256 601

111 311 460 356 moerorem
495 293 698 350 minui:
741 292 995 354 dolorem
1032 317 1137 357 nec
1168 305 1351 377 potui,

112 400 264 453 nec,
285 375 324 436 fi
356 376 584 454 possem,
599 377 818 443 vellem.
862 382 931 440 de
962 377 1189 444 Triario
1210 387 1351 447 bene
1373 375 1401 386 ”

107 465 524 545 interpretaris
540 463 891 526 voluntatem
912 487 1109 530 meam.
1142 486 1203 529 tu
1214 493 1353 534 vero

109 551 302 626 nihil,
315 549 420 610 nifi
436 565 498 609 ut
519 550 600 610 illi
611 550 826 611 volent.
876 573 1005 612 amo
1028 553 1181 616 illum
1196 579 1351 620 mor-

108 654 318 698 tuum:
355 651 515 696 tutor
537 635 658 696 sum
683 637 893 697 liberis:
928 655 1103 701 totam
1120 643 1349 706 domum

107 723 336 801 diligo.
361 721 431 782 de
453 721 794 784 Castriciano
811 727 1068 802 negotiu,
1088 727 1128 788 fi
1144 730 1351 792 Castri-

105 813 252 871 cius
303 829 412 888 pro
442 811 735 887 mancipiis
774 813 1065 890 pecuniam
1099 819 1351 898 accipere

107 896 314 969 volet,
335 915 568 974 eamque
587 896 638 956 ei
662 893 822 970 solvi,
837 912 901 956 ut
918 919 1073 960 nunc
1088 897 1345 979 solvitur,

107 998 289 1042 certe
305 981 446 1040 nihil
465 981 540 1040 est
551 983 923 1044 commodius.
974 983 1052 1045 fin
1068 1005 1249 1050 autem
1266 993 1349 1050 ita

109 1073 318 1129 aetum
347 1067 447 1143 est,
493 1083 557 1127 ut
587 1067 700 1149 ipsa
721 1072 995 1150 mancipia
1030 1073 1347 1157 abduceret,

109 1177 258 1218 non
267 1155 412 1214 mihi
433 1153 652 1214 videtur
663 1154 768 1214 effe
795 1177 1051 1236 aequum.
1100 1179 1263 1240 rogas
1284 1181 1347 1222 e·

113 1244 254 1302 nim
269 1261 387 1314 me,
417 1256 482 1299 ut
495 1243 598 1300 tibi
613 1238 863 1317 scribam,
880 1243 1016 1322 quid
1040 1247 1175 1306 mihi
1190 1249 1346 1308 vide·

113 1345 279 1388 atur.
331 1326 472 1386 nolo
507 1330 656 1387 enim
687 1331 899 1406 negotii
922 1331 1196 1405 Quintum
1226 1333 1339 1393 fra-

113 1429 278 1476 trem
293 1412 598 1491 quidquam
613 1417 832 1474 habere:
850 1415 1003 1494 quod
1008 1419 1225 1490 ‚videor
1239 1421 1347 1480 mi·

113 1503 184 1560 hi
211 1497 568 1575 intellexiffe,
589 1501 690 1560 tibi
707 1500 850 1560 idem
875 1500 1073 1562 videri.
1092 1505 1343 1582 Publius,

115 1587 166 1646 fi
192 1587 616 1664 aequinofflum
630 1591 901 1666 expetebat,
917 1603 980 1646 ut
1004 1588 1189 1651 scribis
1210 1593 1341 1652 Ale-

116 1673 286 1734 dium
309 1672 512 1745 dicere,
541 1675 903 1751 navigaturus
918 1675 1155 1738 videtur.
1202 1681 1341 1740 mihi

119 1774 320 1819 autem
353 1757 572 1818 dixerat
605 1781 704 1838 per
740 1761 998 1821 Siciliam.
1050 1780 1237 1824 utrum
1280 1782 1341 1826 et

121 1843 391 1925 quande,
403 1845 572 1904 velim
588 1843 740 1906 scire.
758 1861 814 1905 et
827 1847 993 1906 velim
1016 1849 1340 1928 aliquando,

123 1953 260 1991 cum
293 1932 402 1989 erit
437 1947 595 1990 tuum
633 1932 1012 2007 commodum,
1034 1937 1338 1996 Lentulum

125 2037 368 2099 puerum
392 2016 558 2093 visas,
580 2021 742 2098 eique
769 2019 838 2076 de
862 2019 1172 2100 mancipiis,
1197 2039 1339 2101 quae

126 2105 236 2162 tibi
247 2102 546 2181 videbitur,
563 2108 852 2166 attribuas.
880 2104 1071 2181 Piliae,
1096 2111 1337 2186 Atticae,

126 2188 384 2250 salutem.

359 2381 626 2424 menno
658 2383 921 2425 Αττιοο
954 2386 1107 2429 sAr..

51 2437 121 2484 ²⁹
197 2443 409 2526 Silius,
435 2466 500 2509 ut
522 2449 732 2524 scribis,
763 2451 947 2512 hodie.
994 2475 1112 2514 cras
1142 2454 1333 2532 igitur,

130 2535 228 2598 vel
237 2539 430 2619 potius
446 2557 572 2598 cum
587 2539 822 2614 poteris,
839 2536 1061 2618 scribes,
1076 2539 1115 2600 fi
1128 2540 1259 2620 quid
1273 2561 1333 2598 e-

677 2629 706 2684 1
755 2641 790 2685 2
