1700 3084
260 212 372 274 542
571 191 1229 260 susm-omnum

485 397 748 452 crcnno
785 397 1053 440 Αττιοο
1086 398 1239 438 SAL.

343 465 643 526 Confeetus
681 467 795 541 jam
823 468 1063 524 cruciatu
1092 467 1493 527 maximorum
1516 482 1575 518 11

253 550 536 624 dolorum,
561 573 650 625 ne,
680 550 717 610 fi
749 550 814 610 fit
843 550 1086 628 quidem,
1124 550 1279 630 quod
1310 550 1377 608 ad
1411 567 1493 612 te

254 638 474 698 debeam
493 636 744 711 scribere,
779 635 937 696 facile
952 636 1007 696 id
1022 638 1219 714 exequi
1244 636 1475 714 poffim;

255 725 366 782 hoc
387 724 594 799 minus,
618 724 770 803 quod
785 743 871 781 res
888 721 1041 780 nulla
1054 722 1150 796 est,
1166 742 1309 800 quae
1332 720 1473 780 scri·

257 809 436 868 benda
451 808 536 882 fit;
585 829 708 874 cum
733 806 1049 888 praesertim
1080 829 1153 866 ne
1182 808 1303 887 spes
1338 811 1471 886 qui-

255 895 382 954 dem
397 894 507 954 ulla
523 893 833 954 ostendatur
849 893 969 952 fote
989 894 1211 953 melius·
1255 895 1473 971 itajam

257 1000 330 1051 ne
362 996 488 1038 tuas
525 980 745 1059 quidem
775 981 961 1038 literas
990 985 1251 1060 expecto:
1280 1001 1468 1059 quan·

257 1085 424 1143 quam
448 1065 653 1146 semper
669 1064 877 1145 aliquid
898 1064 1156 1142 afferunt,
1186 1067 1339 1144 quod
1364 1087 1471 1125 ve·

255 1150 374 1212 lim.
423 1167 664 1230 quarem
683 1151 904 1231 quidem
936 1149 1181 1225 scribite,
1198 1173 1332 1212 eum
1356 1155 1485 1212 erit-

259 1238 347 1295 cui
377 1236 496 1296 des,
543 1259 650 1316 ego
675 1239 786 1296 tuis
801 1239 1096 1315 proximis„
1122 1257 1258 1317 quas
1274 1253 1483 1298 tamen-

251 1324 367 1404 jam
385 1323 598 1403 pridem
625 1325 833 1404 accepi,
849 1323 988 1382 nihil
1004 1327 1177 1382 habeo
1204 1325 1357 1402 quod
1374 1345 1475 1383 re·-

259 1407 510 1476 scribam.
555 1409 730 1486 longo
773 1412 923 1468 enim
950 1409 1250 1470 intervallo
1296 1409 1483 1470 video-

258 1496 548 1554 immutata
565 1495 664 1554 effe
680 1498 903 1556 omnia.
932 1495 1025 1556 illa
1040 1494 1303 1566 effefirma
1320 1508 1481 1576 quae»

258 1579 524 1653 debeant3
573 1602 680 1641 nos
713 1579 971 1641 stultitiae
992 1581 1205 1641 nostrae
1220 1583 1479 1658 graviffi-

258 1685 376 1742 mas
395 1687 604 1743 poenas
620 1668 879 1745 pendere».
926 1674 991 1727 P.
1006 1667 1471 1728 Sallustiocuran·

258 1751 330 1812 da
358 1749 482 1810 sunt
504 1757 618 1812 H-S
643 1773 786 1812 xxx.
806 1773 945 1832 quae
960 1756 1145 1833 accepi
1170 1775 1201 1812 a
1220 1760 1329 1813 Cn.
1350 1755 1466 1814 Sal-

258 1836 442 1897 lustio·
487 1837 656 1898 veHm
679 1839 863 1898 videas
888 1855 947 1898 nt
972 1839 1083 1898 fine
1099 1861 1251 1898 mora
1268 1859 1481 1900 curen-

260 1939 372 1984 tur:
402 1924 470 1984 de
484 1945 548 1982 ea
562 1945 620 1983 re
636 1923 814 2004 scripfi
829 1925 897 1984 ad
913 1929 1260 1984 Terentiam:
1292 1942 1473 2004 atque

258 2013 367 2070 hoc
397 2009 569 2091 ipsum
603 2011 717 2088 jam
743 2031 917 2090 prope
948 2011 1333 2088 consumptum
1354 2014 1467 2074 est.

259 2116 428 2174 quare
453 2097 508 2156 id
545 2116 766 2175 quoque
789 2098 955 2156 velim
980 2119 1101 2156 cum
1134 2097 1227 2155 illa
1249 2097 1471 2174 videas,

257 2197 322 2238 ut
358 2182 420 2240 fit
467 2184 562 2259 qui
591 2195 827 2241 utamur.
878 2187 966 2242 hic
1002 2181 1219 2242 fortasse
1260 2200 1471 2260 potero

256 2264 486 2338 sumere,
517 2266 556 2324 fi
586 2266 744 2326 sciam
771 2267 887 2327 istic
912 2286 1161 2348 paratum
1184 2268 1325 2328 sore.
1372 2269 1483 2334 sed,

253 2353 408 2430 prius
431 2371 594 2429 quam
612 2352 666 2409 id
683 2352 895 2427 scirem,
919 2355 1053 2414 nihil
1070 2354 1183 2413 sum
1200 2353 1354 2412 ausus
1374 2353 1471 2414 su·

253 2455 420 2495 mere.
469 2439 564 2513 qui
579 2435 643 2496 fit
658 2440 908 2498 omnium
932 2459 1112 2500 rerum
1136 2439 1299 2498 status
1330 2440 1467 2500 nos-

253 2532 360 2598 ter,
381 2519 558 2582 vides.
603 2521 744 2582 nihil
784 2523 858 2584 est
886 2525 1040 2605 mali,
1068 2526 1223 2607 quod
1250 2547 1377 2588 non
1408 2544 1471 2588 et
